2920 4868
263 1249 471 1318 Graecorum
506 1270 655 1346 pectore
679 1249 791 1320 locum
816 1251 979 1334 habebat,

261 1376 538 1468 caerimoniisque
564 1377 727 1456 externis,
754 1372 846 1454 unde
870 1375 995 1444 sactum
1021 1400 1054 1442 es

259 1521 357 1566 mane
382 1497 695 1591 speeie'formaque
720 1499 783 1565 sihi
809 1497 982 1592 fingerent.

259 1991 390 2058 civitate
414 1987 569 2082 degenda
595 2007 687 2075 erat‚¹
708 1991 791 2057 ritus
815 1989 946 2084 publici
967 1992 1063 2084 *priva
1101 2005 1308 2084 superarent.
1327 2035 1337 2044 -

260 2113 379 2208 Itnque
403 2115 502 2180 etiem
528 2111 602 2181 dies
632 2097 718 2181 ¹festi
742 2137 896 2207 magnam
924 2132 1055 2207 partem
1094 2113 1178 2180 blici
1206 2129 1308 2191 erant,

258 2261 364 2332 quum
387 2235 590 2331 plerumque
620 2235 663 2303 ad
686 2235 768 2304 deos
796 2239 934 2305 civitatis
961 2261 1041 2304 eoru
1084 2261 1103 2303 e
1129 2231 1313 2305 veneratio·

255 2383 335 2426 nem
359 2361 577 2452 pertinerent
628 2357 698 2427 Sed
723 2383 792 2426 non
828 2358 937 2428 solum
961 2362 998 2427 in
1021 2357 1063 2426 de
1086 2383 1122 2426 m
1147 2360 1312 2425 honorem

256 2483 340 2548 sesto
363 2483 565 2573 agebantur,
597 2505 712 2550 verum
738 2483 837 2549 etium
862 2485 898 2548 in
919 2483 1061 2551 heroum
1130 2484 1139 2500 ⁶

208 2635 215 2650 ¹
257 2607 478 2698 quamobrem
519 2629 559 2672 ee
597 2606 721 2700 quibus
757 2607 931 2676 hominum
958 2606 1045 2673 saeta
1118 2603 1314 2672 memoriam

256 2751 416 2797 revocare
442 2727 616 2811 volebant,
642 2753 807 2824 persaepe
827 2729 870 2798 ad
892 2729 1040 2824 singulas

257 2849 311 2920 vel
336 2869 451 2945 gentes
474 2853 678 2946 spectabant.
738 2853 788 2919 Er
813 2852 959 2948 publicis
986 2870 1059 2919 aute
1133 2875 1170 2918 os
1195 2848 1317 2916 Graeci

256 2965 447 3056 hebebant,¹
475 2971 594 3042 diebus
619 2973 712 3042 sestis
738 2966 899 3069 apparete
918 2989 974 3043 eos
999 2999 1052 3044 me
1096 2978 1161 3042 'um
1184 2977 1235 3042 rei
1258 2972 1318 3039 ali·
1379 2975 1382 2984 ’

262 3099 356 3164 ouius
369 3099 437 3164 sive
454 3122 471 3163 a
491 3095 554 3165 diis
574 3101 642 3166 sivo
656 3098 699 3164 ab
715 3097 875 3165 heroibus
891 3097 1063 3166 hominibu
1100 3123 1119 3163 e
1135 3097 1244 3192 gestae
1259 3096 1323 3162 hnc

259 3243 298 3288 re
318 3243 482 3328 renovare
505 3219 660 3301 voluisse,
675 3222 721 3287 ite
743 3237 780 3286 ut
795 3220 878 3286 haee
893 3223 1053 3288 memoria
1106 3240 1141 3289 to
1160 3220 1322 3314 temporis

260 3345 367 3436 spatio
393 3341 527 3411 rediret.
592 3345 719 3411 Privati
745 3363 823 3409 vero
851 3340 1104 3551 plerumquep
1138 3342 1322 3437 comparati

259 3486 375 3548 erant,
407 3484 444 3534 ut
468 3489 628 3560 praeseus
654 3465 792 3560 aliquod
820 3466 943 3534 suctum
962 3467 1151 3567 familifivel
1177 3463 1325 3560 singulos

258 3591 411 3657 homiues
436 3591 600 3684 attingens
630 3589 836 3657 illustiarent
866 3615 906 3657 ae
931 3570 1170 3685 magniiiffltius
1198 3586 1324 3656 redde-

258 3732 344 3782 rent.
394 3711 510 3808 Itaque
536 3715 634 3782 buius
671 3713 750 3781 faeti
781 3716 976 3782 memoriam
1007 3719 1041 3782 in
1077 3688 1225 3819 >aterum
1255 3735 1327 3778 non

261 3836 404 3930 anplius
426 3837 719 3930 redintegrebant,
760 3837 838 3931 quia
863 3837 967 3905 semei
993 3850 1097 3918 tenui
1122 3839 1235 3932 magni
1256 3859 1330 3902 mo-

258 3963 363 4030 menti
400 3980 478 4028 eret.
530 3961 605 4028 Huc
635 3977 787 4054 spectant
817 3962 911 4028 verbi
925 4009 931 4024 .
946 3930 1122 4163 censear
1151 3957 1330 4055 ’γαμήλια,

258 4079 498 4181 προτέλὲια,,
514 4077 754 4180 ἀμφιδρόμια
788 4084 917 4178 aliaque
949 4087 985 4155 id
1020 4113 1087 4199 ge¹

258 4211 419 4280 Homines
443 4228 551 4280 autom
574 4233 678 4300 quum
696 4207 828 4275 nonnisi
854 4229 968 4278 eurum
993 4213 1202 4329 rerqurius
1226 4195 1333 4298 gesta-

1145 4084 1332 4156 sollemnia.
