2906 4882
529 457 842 553 mttsu'

115 671 267 744 hetruseis
305 691 458 768 gestant,
501 701 575 744 vasa
620 655 900 772 eaque'ltydrias
941 698 1012 746 esse
1048 680 1194 747 eens'ent.

118 801 259 894 Quippe
282 823 383 867 nemo
410 802 611 894 scriptorum
635 777 895 868 adolescentium
927 801 961 867 in
986 805 1049 870 hae
1074 821 1198 900 pompe

113 922 258 1017 hydrias
289 926 487 1017 gestantium
520 925 724 991 mentionem
757 921 860 1007 facit,
905 919 965 992 sed
998 927 1195 993 seminarum

115 1061 213 1140 quas,
232 1046 473 1140 inquilinorum
497 1067 628 1130 uxores,
652 1033 687 1113 iri
702 1045 849 1140 Zophoei
865 1021 967 1116 latere
981 1019 1193 1118 meridionali

117 1184 249 1237 exstare
284 1171 370 1237 infra
407 1171 614 1268 probabitur.
677 1165 718 1238 ld
749 1190 857 1238 autem
892 1192 932 1238 ex
965 1176 1108 1266 repertis
1141 1146 1194 1241 bis

117 1289 240 1361 tabulis
266 1293 462 1360 marmoreis
488 1295 564 1362 satis
595 1311 752 1388 apparet,
781 1295 871 1361 iuxta
900 1317 1044 1388 puerum
1073 1297 1109 1364 'so
1135 1297 1195 1365 de-

117 1418 305 1484 mittentem
328 1439 399 1485 non
423 1438 566 1510 pereum
592 1419 761 1510 conspici,
794 1437 862 1512 quo
894 1425 1009 1486 omnes
1035 1423 1196 1489 alehaee-

118 1542 189 1635 logi
214 1559 342 1608 summo
368 1543 439 1607 iere
465 1539 740 1625 offendebantur,
773 1541 834 1609 sed
866 1563 921 1610 vas
955 1541 1093 1638 aliquod
1126 1545 1195 1613 slve

118 1667 231 1758 potius
257 1689 296 1732 ex
321 1687 394 1735 mea
419 1665 580 1732 sententia
610 1681 745 1747 utrem,
764 1677 882 1760 'quem
911 1690 999 1760 puer
1032 1665 1076 1734 de
1103 1681 1192 1736 terra

9 1819 16 1832 ·
120 1787 225 1857 tollat.

220 1913 289 1978 Hos
327 1899 558 2005 α’σκοφόρους
589 1934 673 2004 quos
710 1913 797 1980 cives
831 1911 1052 1981 Athenienses
1093 1915 1194 1982 luisse

122 2033 242 2104 suidas
267 2033 368 2101 tradit
387 2033 432 2120 ¹9)
445 2085 455 2116 ,
491 2033 693 2104 anteoeduut
717 2053 784 2102 teos
811 2036 1036 2130 seaphephori
1054 2035 1104 2123 ²⁰)
1136 2039 1196 2133 qui

120 2159 350 2226 adolescentes
381 2158 550 2224 imberbes
584 2183 654 2225 esse
688 2156 852 2226 videntur.
911 2160 955 2225 Hi
981 2158 1092 2242 enim,
1127 2163 1195 2229 sive

121 2282 349 2351 adolescentes
372 2283 439 2350 sive
461 2283 546 2363 viri,
580 2275 634 2348 ex'
653 2281 826 2375 inquilinis
839 2283 1070 2350 'sumebantur
1095 2251 1195 2378 atque

120 2409 156 2473 in
181 2425 306 2500 pompa
330 2407 569 2472 Panathenaico
594 2400 687 2471 labra
724 2401 883 2498 (quorum
906 2401 1012 2472 forma
1037 2399 1196 2500 scapnam

116 2528 252 2624 aequat)
275 2531 356 2598 lavis
382 2521 526 2624 liblsque
551 2529 681 2623 repleta
705 2529 794 2597 leuse
820 2530 927 2597 eoa‘otl
953 2541 1055 2598 aeaut.
1106 2532 1193 2597 Ante

116 2647 179 2721 hos
204 2654 455 2746 scaphephoeos·
479 2649 543 2722 seat
567 2655 669 2722 homo
694 2654 849 2722 barbatus
864 2652 935 2740 ²¹),
961 2649 1066 2748 pallio
1092 2655 1191 2721 vesti-
1293 2651 1300 2661 '

118 2795 171 2845 tns
197 2779 255 2872 qul
281 2775 436 2843 sacerdos
471 2769 613 2843 babetur
645 2772 698 2845 vel
732 2776 832 2871 epulo
866 2769 1074 2870 (ἱεροποιὸς)
1102 2798 1195 2845 outn-

116 2903 210 2970 muni
242 2903 390 2969 omnium
422 2921 595 2966 consensu.
655 2899 741 2966 Nam
777 2922 977 2993 quamquam
1009 2900 1193 2994 lexicogra-

118 3029 179 3120 phi
197 3023 244 3111 ²2)
272 3025 323 3092 ltis
355 3016 582 3108 sacerdotibus
612 3023 695 3089 nihil
729 3026 770 3090 in·
800 3023 1038 3108 Panathenaeis
1066 3019 1194 3118 negotii
1239 3085 1246 3100 ,

117 3147 217 3216 luisse
251 3146 382 3216 disertis
413 3147 521 3216 verbis
547 3145 704 3227 tendunt,
739 3165 851 3214 temen
887 3149 957 3214 sine
988 3143 1092 3214 dubio
1123 3145 1190 3214 hoe

117 3275 163 3338 ita
190 3263 444 3364 intelligendum
477 3287 548 3352 est,
590 3267 747 3337 ut.ludis
781 3269 917 3365 quidem
942 3267 1192 3338 Panathenaicis

117 3416 185 3462 non
211 3387 401 3489 ἱεροποιοί,
435 3393 495 3462 sed
520 3393 719 3462 athlethetae
744 3394 966 3488 praefuerint,
997 3415 1190 3462 sacravere

115 3521 151 3587 in
174 3519 242 3587 hou
275 3517 359 3585 festo
394 3513 568 3614 ἱεροποιοὶ
593 3519 770 3610 quotannis
796 3517 946 3589 fecerint
999 3519 1091 3600 Quae
1116 3517 1191 3610 qui-

114 3709 376 3733 -n-——ffl--ffl

73 3781 77 3794 *
154 3829 197 3899 19)
215 3843 235 3879 s.
254 3841 279 3876 v.
297 3815 397 3884 ’Λσὲεός
414 3819 627 3895 Κησιφῶντὸξ.

152 3924 198 3993 20)
214 3924 261 3992 Ap.
283 3921 452 3982 Lenosmeun
471 3919 537 3971 ibid.
555 3913 712 3986 cs.Hesycb.
732 3913 859 3988 llatpoer.
873 3911 947 3971 Snid.
964 3937 985 3977 s.
998 3909 1024 3970 li.
1042 3931 1066 3970 v.
1087 3916 1188 3969 delion.

149 4030 152 4040 ·
215 4009 248 4060 v.
269 4009 300 4060 H.
317 4005 361 4070 Vl,
388 4023 409 4060 ι.
455 4007 646 4058 Salute-eron
671 4009 722 4058 Sar
747 4008 785 4056 las
804 4007 965 4075 Metoeques
993 4006 1020 4056 tn
1047 4004 1127 4057 Μύιο.
1153 4003 1190 4054 de
1245 4006 1261 4051 l

217 4091 317 4148 l'nead.
338 4087 480 4146 elusisset.
494 4093 526 4144 Τ.
546 4087 659 4145 xtvtn.
678 4097 784 4161 p.·¹82·
803 4092 880 4144 Petit.
902 4093 980 4160 Legg.
999 4093 1051 4142 Ate.
1069 4104 1095 4160 p.
1109 4091 1150 4142 35.

151 4194 195 4258 aa)
216 4193 384 4242 lleuormant.
405 4186 472 4240 ibid.-

151 4288 195 4356 πο)
216 4284 289 4337 Phot.
313 4289 374 4338 Lex.
396 4287 454 4353 Seg.
473 4292 500 4336 et
518 4284 602 4348 Etym.
624 4277 659 4332 Μ.
