2906 4882
455 413 800 522 '4125-

128 669 216 718 rent
263 651 319 718 'lu
343 650 407 718 hoc
434 651 522 718 enim
557 654 771 745 interpretes
788 650 917 744 saepius
950 675 1077 719 errasse
1113 654 1195 719 mihi

126 772 420 868 videntursquod
445 767 603 844 nontam
629 801 669 840 ex
692 773 931 840 Panathenaeis
956 799 1141 870 eorumque
1168 779 1199 845 vi

126 917 231 991 atque
253 915 387 974 natura,
414 896 474 964 sed
499 923 539 964 ex
565 915 632 966 toto
657 898 830 965 Minervae
856 895 1132 998 cnltn'quatenus
1156 896 1226 979 ad¹

124 1020 260 1115 reliqna
285 1023 419 1088 numina
439 1023 587 1114 pertinet
612 1019 692 1088 deos
718 1019 793 1088 illos
809 1019 975 1113 explicare
996 1022 1207 1091 studuerunt:

124 1147 360 1213 Panathenaea
394 1162 504 1210 autem
532 1143 633 1216 solius
662 1145 834 1212 Minervae
856 1143 1000 1212 Polintlis
1026 1145 1202 1214 sollemnia

127 1293 201 1336 esse
226 1285 328 1360 'supra
356 1267 660 1336 demonstravimus.
721 1265 820 1352 Quod
852 1268 880 1334 si
905 1271 1073 1349 statueris,
1104 1272 1203 1338 ctiam
1239 1307 1241 1312 ·

125 1393 199 1460 sine
224 1367 418 1484 insignibus¹
435 1417 540 1484 quae,
576 1392 653 1484 quia
685 1391 738 1459 vel
769 1393 859 1484 picta
891 1391 943 1458 vel
974 1417 1073 1459 aurea
1098 1411 1202 1478 erant,

128 1513 305 1608 deperdita
323 1532 415 1594 -sunt,
436 1514 495 1581 has
510 1513 649 1581 deorum
673 1515 793 1607 figuras
815 1539 921 1607 paene
940 1540 1052 1584 omnes
1079 1541 1203 1610 cogno·
1307 1547 1310 1558 ·

129 1663 226 1708 scere
251 1655 285 1704 et
312 1635 481 1730 explicare
507 1643 692 1734 possumus.

229 1762 377 1831 Primum
397 1763 623 1854 ,conspicimus
657 1785 715 1830 eos
739 1761 820 1830 deos
847 1762 905 1854 qui
931 1787 1006 1827 cunt
1032 1761 1204 1829 Mineruae

126 1881 274 1978 Poliatlis
300 1883 390 1950 cultu
415 1886 523 1952 minus
559 1904 648 1952 arcte
686 1885 866 1952 cohaerent
899 1911 998 1978 quam
1033 1884 1088 1954 alii
1118 1910 1203 1980 quos

128 2030 238 2100 prope
263 2008 375 2078 Iovem
402 2008 632 2100 Iunonemque
658 2007 810 2102 sedentes
836 2007 1033 2076 videbimus.
1082 2008 1203 2107 Neque
1243 2008 1249 2018 '

126 2133 219 2198 enim
252 2129 392 2216 dubium
422 2149 493 2213 est,
524 2133 605 2223 quin
633 2129 699 2198 duo
734 2129 960 2200 adolescentes
991 2134 1028 2198 in
1059 2131 1201 2200 deorum

126 2255 215 2322 serie
238 2252 281 2320 ad
305 2255 430 2324 laevam
454 2253 629 2335 sedentes,
668 2257 728 2323 etsi
762 2255 853 2347 pileo
885 2279 954 2324 non
985 2273 1061 2323 sunt
1080 2255 1202 2336 induti,

124 2379 284 2446 Dioscuri
309 2380 390 2473 sint,
431 2381 488 2473 qui
513 2381 651 2446 Athenis
677 2379 738 2444 sub
764 2380 900 2466 nomine
926 2373 1082 2446 Ἀνάκων
1108 2377 1200 2446 cole-

125 2505 257 2572 bantur.
312 2504 493 2570 Dioscmos
517 2503 607 2569 enim
632 2503 784 2569 Minerva
809 2502 881 2594 ipsa
915 2520 1057 2570 armatos
1082 2501 1200 2568 saltare

129 2628 244 2696 docuit
262 2627 331 2714 ²⁰),
359 2651 425 2719 qua
451 2626 493 2692 de
520 2653 632 2694 caussa
660 2627 756 2692 etiam
781 2627 816 2691 in
836 2627 1073 2693 Panathenaicis
1097 2627 1201 2694 Athe·

126 2753 259 2823 nienses
285 2768 425 2844 armatos
451 2747 583 2816 saltasse
609 2774 710 2840 supra·
732 2748 941 2816 dictnm'est.
1034 2755 1037 2760 “
1139 2815 1143 2838 Ι

200 2925 203 2938 .
232 2878 323 2942 Duas
348 2873 468 2965 figuras
493 2889 670 2963 sequentes
695 2870 877 2938 Muellerus
891 2873 1049 2938 Cererem
1074 2873 1203 2940 etan-
1275 2951 1280 2961 x

118 3023 248 3068 canum
274 3015 383 3079 vocat,
412 2972 472 3064 etsi
498 2997 579 3062 haec
611 2995 747 3060 numina
779 2996 869 3062 huno
894 2995 929 3060 in
954 2994 1091 3062 modum
1119 3019 1200 3062 con-

128 3125 241 3190 iuncta
266 3117 450 3213 nequead
475 3119 702 3186 Panathenaea
736 3143 847 3211 neque
872 3117 916 3184 ad
940 3119 1111 3186 Minervae
1137 3121 1203 3186 Po-

127 3245 225 3313 liadis
267 3243 392 3314 cultum
428 3241 612 3337 quidquam
655 3242 825 3334 pertinere
863 3241 960 3308 facile
995 3240 1199 3333 intelligitur.

129 3369 192 3436 Ille
230 3367 320 3434 enim
351 3367 392 3431 V.
416 3368 457 3434 D.
499 3365 656 3432 seminam
693 3366 781 3432 iuxta
814 3367 995 3434 Dioscuros
1029 3364 1201 3452 sedentem

131 3491 294 3560 Cererem
320 3515 391 3556 esse
417 3492 594 3582 opinatur,
631 3508 811 3582 propterea
836 3487 931 3582 quod
946 3487 1065 3560 'lacem
1086 3508 1200 3556 tenere

129 3613 289 3684 uideatur.
348 3611 417 3683 Sed
452 3639 555 3707 quum
586 3614 689 3680 Ceres
721 3613 785 3679 alio
816 3611 893 3680 loco
926 3613 1014 3679 inter
1050 3611 1215 3704 Zophori.

131 3737 212 3809 deos
244 3739 428 3806 inveniatur
461 3736 512 3824 (id
537 3735 631 3830 quod
662 3735 748 3802 infra
779 3733 990 3829 probabitur)
1026 3735 1111 3802 haec
1136 3732 1199 3800 dea

131 3861 227 3931 aliter
252 3861 448 3956 explicanda
472 3877 529 3928 est.
568 3861 771 3927 Lenormant
795 3878 902 3928 autem
928 3861 987 3954 qni
1011 3885 1084 3927 rem
1107 3857 1199 3926 illam

131 4011 232 4080 quam
257 3985 318 4053 dea
340 4011 439 4055 manu
462 3983 578 4052 dextra
602 4001 708 4064 tenet,
739 4002 910 4076 sceptrum
933 3983 986 4054 vel
1011 3984 1121 4078 potius
1146 4007 1200 4048 re·-
1331 4013 1332 4021 ¹

166 4250 212 4320 ao)
230 4247 326 4303 Athen.
346 4247 390 4302 tv.
412 4266 438 4318 p.
461 4251 516 4320 184.
536 4247 564 4303 l'.
584 4247 674 4302 Schol.
694 4249 718 4302 P.
737 4247 813 4315 aym
836 4251 936 4320 Il,‘ta'7
1003 4251 1005 4258 ’
