2906 4882
656 391 904 457 ..72-

237 578 375 674 quidem
400 579 587 650 certaminis
612 579 730 648 musici
759 577 852 674 signa
875 593 968 660 sunt,
1003 575 1065 648 aed
1094 605 1200 675 quum
1225 581 1328 651 etlam

237 701 423 798 gymnicum
443 697 491 796 ²¹)
517 701 568 768 his
594 719 743 770 ornatam
767 702 986 783 inveniamus,
1021 727 1075 774 eas
1107 679 1328 800 ΙιιιιιιιιιιῙιιιιάΖ

235 852 302 921 que
329 824 515 897 certaminis
541 845 644 918 genus
669 821 830 913 attingere
862 835 1031 914 apparet.
1071 820 1183 913 Atque
1214 821 1325 914 gallos

234 947 402 1042 quidem
392 975 428 1048 au
443 949 634 1022 universum
657 967 802 1038 pugnae
806 958 841 1008 et
858 941 1046 1012 certaminis
1072 942 1166 1036 sigua
1191 945 1325 1034 essen)

232 1067 382 1142 videmus
409 1091 512 1164 quum
537 1093 578 1134 ex
602 1064 791 1160 anaglypho
816 1065 926 1132 Musei
950 1064 1034 1157 regii
1057 1065 1324 1156 Parisiensis23)

203 1211 305 1294 ,tum
337 1219 357 1260 e
388 1192 499 1260 multis
537 1191 621 1262 vasis
655 1188 829 1270 fictilibus,
869 1212 954 1282 quae
991 1185 1187 1257 athlethetas
1221 1217 1325 1262 mann

234 1313 337 1408 gallos
363 1331 512 1382 tenentes
537 1312 727 1405 saepissime
751 1310 849 1379 nobis
876 1309 1057 1379 ostendunt
1075 1308 1135 1400 24).
1192 1316 1323 1384 Verum

233 1437 280 1507 in·
294 1438 377 1507 vasis
403 1438 652 1516 Panathenaicis
684 1434 762 1528 galli
792 1435 955 1528 imprimis
990 1433 1035 1502 ad
1058 1437 1231 1536 Minerva
1260 1464 1323 1506 na.

234 1577 342 1628 turam
365 1559 522 1628 bellicam
553 1557 724 1628 referendi
753 1574 829 1623 sunt
846 1550 909 1641 ²5),
947 1582 1050 1651 quum
1074 1560 1250 1628 Pausanias
1271 1557 1321 1648 ²6)

235 1683 406 1760 Minervae
431 1681 531 1763 Eleae
557 1681 685 1776 galeam
709 1678 795 1773 gallo
831 1696 980 1746 ornatam
1004 1705 1099 1762 esse,
1138 1699 1324 1776 propterea

236 1804 330 1900 qnod
354 1807 433 1874 huic
458 1808 509 1873 avi
532 1805 693 1873 bellicosa
718 1821 751 1872 et
774 1829 910 1896 pugnax
934 1822 1051 1872 natura
1076 1806 1168 1888 insit,
1201 1810 1322 1876 rectis-

236 1930 319 1998 sime
346 1927 434 1996 dicat
451 1926 510 2014 ²7).
566 1930 677 2023 'Atque
701 1929 747 1994 ita
772 1926 897 2020 gallum
923 1929 1022 1996 etiam
1044 1930 1134 1997 iuxta
1158 1933 1324 1998 Mercurii

235 2051 398 2144 Enagouii
422 2048 528 2144 pedes
553 2066 694 2116 stantem
717 2049 753 2114 in
777 2049 946 2117 nonnullis
965 2053 1103 2145 gemmis
1123 2047 1320 2148 sculptis²⁸)

233 2175 438 2256 invenimus,
464 2200 530 2268 qua
545 2198 596 2241 -ex
620 2197 657 2240 re
682 2173 770 2242 hanc
794 2198 890 2240 avem
918 2199 1051 2267 semper
1075 2194 1211 2246 naturae
1244 2178 1320 2248 bel-

233 2296 334 2381 licae,
359 2325 430 2368 non
453 2297 634 2366 industriae
660 2313 694 2364 et
715 2294 899 2365 sedulitatis
916 2298 1106 2391 symbolum
1120 2325 1193 2370 esse
1213 2328 1322 2398 appa-

235 2493 493 2512 find—nanu*—

270 2597 389 2673 21)Vaa
410 2597 471 2650 dicu
491 2594 661 2650 collectionis
677 2593 824 2647 Feoliauae
842 2613 922 2666 supra
941 2595 1090 2658 laudatum.

270 2690 318 2754 aa)
336 2683 412 2740 Piud
432 2684 474 2736 Oi
493 2683 552 2736 titt.
573 2699 618 2736 ιο.
641 2682 675 2734 el.
696 2679 826 2736 Boecihii
842 2685 920 2756 Expl,
938 2703 965 2758 p.
983 2703 1045 2744 asc.

272 2774 318 2843 23)
336 2770 431 2823 Clarae
445 2770 542 2822 Muses
560 2770 594 2822 da
611 2769 714 2840 Sculpt.
731 2771 769 2840 pl.
788 2787 849 2826 auo.

270 2863 317 2930 al)
334 2857 457 2912 Gerhard
478 2859 660 2928 Bapportop,
685 2857 741 2915 158.

269 2950 316 3020 25)
334 2948 422 3000 Etiam
440 2964 474 2998 es
491 2945 543 2998 hac
560 2963 588 3000 se
600 2946 751 3000 Minervam
767 2953 896 3017 tanquam
914 2947 1090 3000 certaminum
1106 2945 1319 3003 Panathenaico-

332 3052 391 3088 rum
408 3032 579 3106 praesidem,
599 3033 739 3104 Virginem
756 3049 812 3088 ιιοιι
831 3050 887 3086 ease
909 3035 1008 3099 elucet.

269 3122 316 3192 26)
330 3121 375 3173 VI.
394 3124 437 3176 26.
456 3138 480 3176 a.

269 3212 315 3281 η)
331 3209 466 3262 immerito
485 3206 567 3276 igitur
582 3207 722 3277 vituperat
739 3205 916 3276 Quatremaire
935 3206 970 3258 de
989 3206 1097 3277 Quinc]
1116 3209 1190 3278 (lup.
1208 3208 1317 3280 olymp.

265 3335 268 3346 .
338 3314 367 3366 p.
385 3298 451 3361 226)
478 3294 551 3346 hane
573 3294 721 3347 Pausaniae
750 3293 973 3363 explicationem,
1005 3303 1086 3365 atque
1114 3296 1215 3365 gallum
1243 3297 1318 3350 illins

338 3389 443 3435 statuae
472 3381 553 3434 Eleae
579 3381 617 3432 ad
646 3381 795 3432 Minervam
812 3380 961 3450 operosam
988 3383 1087 3434 referre
1105 3385 1223 3449 mavult,
1254 3385 1318 3464 quja

338 3468 403 3538 galli
422 3471 478 3521 iam
494 3468 582 3538 prium
601 3469 662 3520 luce
679 3467 791 3537 vigilare
812 3470 928 3522 soleant.
962 3469 1059 3540 Neque
1086 3471 1160 3522 euim
1184 3471 1316 3524 credibile

336 3565 395 3620 eat,
419 3556 569 3610 Minervam
589 3557 656 3608 ascia
675 3555 757 3610 Eleae
779 3556 927 3626 operosam
957 3565 1039 3628 atque
1063 3557 1206 3612 sedentem
1223 3559 1316 3614 tuisse

335 3642 412 3713 Quid
430 3644 502 3695 euim
518 3642 597 3696 Elide
615 3644 737 3696 Minerva
754 3643 894 3714 Operose?

271 3731 319 3802 28)
335 3729 497 3782 Wiuekelm.
522 3731 613 3783 Deacs.
646 3730 693 3783 des
723 3732 825 3801 pierres
854 3733 962 3801 grandes
980 3732 1015 3786 de
1034 3733 1072 3788 it
1089 3733 1195 3793 saoact.
1222 3733 1262 3786 Cl.
1282 3735 1316 3792 11.

329 3833 357 3868 ιι.
378 3821 439 3874 386.
457 3819 519 3889 891
558 3818 600 3872 cf
626 3817 697 3872 Mus.
722 3819 822 3872 Worsl.
850 3821 915 3872 Tus.
938 3820 1007 3874 xxt
1032 3823 1057 3875 3
1090 3818 1213 3875 Parosta
1243 3822 1313 3890 Hyp.

331 3903 406 3956 Βὸιι.
427 3904 589 3976 Studienp.
612 3910 668 3962 161·
695 3905 850 3960 Athenaeus
864 3907 1047 3978 quidamssX.
1065 3909 1165 3979 p..a74
1171 3909 1230 4009 D)
1250 3908 1315 3961 snb

332 3991 479 4044 strativum
496 3989 655 4065 ennean
672 4002 760 4047 ertum
781 4011 839 4048 esse
857 3994 939 4060 dicit,
965 3987 1060 4062 ἐπειδη
1085 3995 1115 4050 ὲκ
1133 3994 1184 4050 sai
1202 3997 1314 4068 ὶέιιρου

330 4077 404 4150 viperis
434 4079 585 4156 διαγιίρει,
612 4081 661 4135 sed
683 4099 700 4134 a
719 4079 802 4136 aerbo
820 4079 927 4149 etna,
951 4079 1038 4147 ἆλέξω
1060 4081 1237 4138 derivandum
1255 4096 1314 4136 asse

329 4182 476 4220 censemus.
