2920 4868
546 395 794 465 ..93..

119 590 389 685 quinquennalia
414 590 554 688 reliquis
588 593 695 662 tribus
721 595 815 663 anuis
842 590 1009 664 celebrare
1033 608 1104 664 tou
1129 595 1213 678 etse,

119 713 183 782 sed
209 719 327 810 quinto
356 741 492 812 quoque
526 739 614 785 enno
641 741 718 784 eum
742 720 869 786 maiore
894 719 1087 814 agebantur«
1100 718 1215 814 splen-

118 837 231 923 dore,
254 864 321 934 qua
346 837 389 908 de
413 867 452 910 re
475 841 563 909 inira
583 844 620 910 in
645 841 882 912 Panatheneeis
908 845 989 940 ipsis
1015 843 1154 914 dicetur.

648 1089 793 1102 -ιο--Μ

538 1337 700 1410 CAPUT
743 1341 798 1410 II.

219 1587 317 1652 Inter
341 1605 456 1652 omnes
470 1579 595 1654 Atticas
615 1583 907 1654 Minervaeieries
929 1581 959 1677 Ι)
984 1586 1214 1656 Panathenaea

121 1711 307 1814 invenimus
353 1727 388 1776 et
422 1709 659 1803 antiquissimis
700 1725 733 1780 et
773 1707 1014 1804 posterioribus
1042 1699 1218 1782 'uraniae

122 1831 331 1928 temporibus
349 1813 478 1900 summo
499 1833 682 1902 inhonore
699 1831 949 1928 splendoreque
972 1833 1083 1902 inisse
1124 1837 1212 1904 cum

122 1977 188 2064 tots
214 1957 305 2024 enim
323 1955 579 2022 Atheniensium
603 1953 764 2048 dignitate
781 1955 870 2024 oirili
895 1957 999 2050 magis
1023 1951 1214 2044 eoirereot,

121 2104 221 2176 quam
249 2077 400 2171 reliques
432 2075 536 2144 seriae
573 2096 607 2144 et
629 2079 801 2146 Minervae
826 2098 861 2148 et
891 2079 964 2148 eliis
995 2081 1059 2149 diis
1091 2105 1214 2152 serrae.

120 2205 257 2285 Verba,
294 2223 383 2293 quae
419 2199 629 2292 potissimum
659 2199 885 2292 grammatici,
924 2197 1156 2294 lexicographi
1178 2218 1216 2271 rt

122 2325 317 2396 scholiastae
344 2319 389 2390 de
416 2322 515 2388 huius
551 2319 628 2388 iesti
653 2319 812 2416 dignitate
837 2321 956 2414 dicent
974 2315 1029 2413 ²),
1067 2343 1142 2390 nott
1169 2321 1216 2390 sd
1318 2391 1322 2412 ,

120 2473 193 2516 eam
225 2445 406 2517 reserenda
442 2463 520 2514 suot
556 2445 640 2525 eim,
681 2471 784 2538 qaam
819 2445 942 2515 festum
978 2446 1015 2512 irt
1053 2463 1214 2516 orntum

122 2573 300 2640 Graeciam
324 2570 522 2650 exercitent,
543 2569 622 2662 quia
643 2569 707 2635 hae
731 2571 861 2636 ratione
884 2569 1011 2650 hahita,
1037 2567 1209 2664 Olympia,

121 2695 260 2788 Pythia,
298 2691 383 2786 quin
406 2690 504 2756 etiam
528 2691 692 2783 Dionysia
720 2693 846 2758 maiora
883 2691 925 2758 ah
951 2687 1215 2764 Atheniensibus

123 2807 292 2886 celebrate
319 2818 354 2882 in
379 2816 504 2881 maiore
524 2812 683 2906 dignitate
709 2834 820 2897 erant,
847 2841 948 2908 quam
972 2815 1212 2882 Perretheneee,

121 2941 191 3014 Sed
215 2937 400 3034 splendore
419 2935 578 3006 ludorum
601 2957 815 3030 pompeeque
839 2939 880 3004 im
900 2940 1075 3004 Minervae
1102 2937 1231 3032 hono-¹

119 3062 338 3164 remlduotae
361 3085 476 3130 omues
503 3059 581 3126 alias
608 3058 705 3126 serias
741 3061 945 3152 superabant
966 3059 1207 3142 Panathenaea,

123 3213 267 3282 quorum
293 3189 341 3254 vis
367 3186 471 3254 civilis
494 3187 560 3251 iam
584 3211 624 3250 ex
648 3187 784 3251 nomine
816 3186 890 3278 ipso
912 3187 958 3253 ita
985 3203 1144 3278 apparet,
1174 3201 1211 3250 ut

123 3333 164 3378 er
188 3312 255 3378 hoe
280 3309 375 3403 quasi
401 3307 615 3374 coniunctum
641 3327 713 3373 esse
744 3305 826 3372 deae
858 3304 983 3373 cultum
1015 3323 1047 3372 et
1073 3303 1209 3372 civitatis

124 3451 321 3528 potestatem
346 3425 525 3498 videamus.
575 3427 731 3520 Legimus
755 3427 843 3493 enim
865 3425 1100 3524 antiquissimis
1126 3445 1211 3494 tem-

133 3588 411 3612 W

174 3669 200 3742 r)
219 3667 319 3718 Harum
338 3665 471 3734 expositio
490 3662 534 3714 hie
553 3661 641 3714 omitti
658 3657 879 3730 prosternimur,
898 3658 997 3728 partim
1021 3657 1086 3728 quie
1103 3673 1205 3725 nuper·
1237 3689 1242 3710 ι

228 3755 295 3806 rimo
316 3752 350 3804 de
370 3749 405 3803 ils
424 3752 461 3804 ita
480 3752 534 3818 egit
552 3750 741 3812 Hoffmanuus,
772 3756 803 3799 ut
828 3745 968 3798 dimidiam
987 3758 1076 3815 paene
1094 3759 1207 3812 eamque

226 3825 365 3893 meliorem
390 3840 447 3890 eius
474 3837 563 3890 libelii
589 3821 692 3905 piertenr
720 3835 787 3886 haee
810 3835 937 3905 qaeestio
955 3832 1077 3896 asserat,
1111 3832 1210 3900 partim

222 3930 288 4000 quia
309 3927 343 3979 de
361 3928 393 3978 iis
421 3915 558 3995 erpoisere
584 3923 649 3974 mihi
673 3940 728 3974 non
746 3922 912 3992 propositum
935 3917 996 3984 est,
1024 3937 1105 3990 quum
1124 3919 1211 3970 Parie-

225 4016 404 4068 thenaeorum
425 4011 570 4082 descriptio
593 4026 652 4062 mea
680 4010 790 4082 quidem
815 4010 950 4088 sententia
970 4009 1047 4079 quasi
1075 4005 1117 4058 sui
1144 4003 1209 4056 iuris

226 4103 339 4173 aliisque
359 4101 432 4152 iesiis
452 4099 569 4150 obnoxie
586 4115 643 4150 non
661 4099 703 4151 tit.

172 4195 201 4262 π)
220 4189 312 4247 Seirai.
332 4192 379 4242 Ar.
399 4188 470 4241 Nub.
490 4189 540 4242 385
561 4187 671 4257 aliique.
