2920 4868
547 449 791 516 ...25-

129 645 277 734 ipsorum
303 645 453 734 temp'ore
478 641 707 709 Panathenaea
730 640 925 723 vocabatur,
956 641 1135 710 instituisse
1157 639 1210 712 di·

129 783 211 831 cana
261 764 473 832 Erichthonii
496 753 584 832 enim
609 783 780 857 tempore,
807 763 827 828 i.
855 789 883 830 e.
910 789 950 832 ex
972 766 1130 835 chronico
1151 765 1210 834 illo

84 967 90 980 ὗ
129 889 343 980 septingentis
368 889 501 979 triginta
524 889 617 954 annis
644 906 719 954 ante
745 886 983 982 Olympiadem
1005 892 1147 982 primam
1167 885 1210 980 7),

127 1045 175 1060 -
200 1012 262 1078 etsi
287 1035 401 1080 revera
441 1012 485 1079 de
509 1032 660 1106 tempore
685 1011 821 1079 illorum
847 1006 965 1104 regum
990 1014 1106 1105 quaeri
1140 1038 1211 1080 non
1309 1050 1314 1062 ·

126 1147 252 1230 potest,
287 1138 415 1230 quippe
441 1163 545 1230 quum
575 1134 695 1204 fabulis
723 1135 820 1202 nimis
856 1132 955 1200 velati
980 1135 1047 1202 sint
1081 1173 1131 1190 -·
1168 1132 1211 1201 de

127 1259 256 1328 sociatis
282 1258 563 1341 Atheniensibus,
596 1283 696 1353 quarn
724 1260 897 1328 notionem
930 1259 1059 1325 nomini
1084 1258 1212 1325 Πανα·

127 1377 264 1460 ἓήναια
289 1383 398 1448 inesse
422 1401 513 1475 patet
525 1434 535 1465 ,
558 1406 667 1450 sermo
687 1407 758 1449 esse
782 1407 852 1450 non
875 1384 1000 1476 potuit3
1025 1407 1103 1448 nam
1118 1383 1212 1450 The-

129 1529 200 1572 seus
228 1503 365 1572 demum
385 1531 488 1598 pagos
505 1504 674 1599 dispersos
699 1507 735 1572 in
756 1529 857 1572 unam
876 1504 1012 1599 collegit
1032 1508 1151 1572 urbem
1171 1501 1211 1593 ⁸).

127 1628 207 1694 Eam
245 1645 355 1694 autern
388 1629 431 1696 ob
460 1653 606 1697 caussam
634 1629 872 1697 Erichthonius
893 1630 1101 1724 potissimum
1110 1680 1124 1732 ,1
1143 1653 1213 1698 non

127 1749 300 1843 Cecrops,
333 1750 487 1820 Pandion
508 1750 561 1819 vel
583 1749 665 1818 alius
690 1754 916 1845 mythicorum
940 1752 1069 1820 Atticae
1095 1777 1213 1846 regum

124 1874 189 1942 hoc
213 1872 337 1940 festum
357 1875 536 1941 instituisse
561 1873 685 1956 fertur,
727 1874 819 1968 quod
851 1877 972 1944 horum
997 1901 1115 1972 regum
1136 1876 1213 1944 nul·-

125 1997 174 2064 lus
201 2021 279 2065 otim
293 1997 445 2064 Minerva
469 1997 541 2090 ipsa
564 1999 666 2089 magis
697 2001 892 2067 coniunctus
922 2021 1001 2084 erat,
1027 2027 1127 2097 quam
1144 1999 1214 2083 ille,

125 2146 227 2212 quem
253 2119 334 2186 deae
359 2120 464 2212 ipsius
483 2117 589 2184 filium
610 2143 681 2186 esse
703 2120 857 2188 nonnulli
882 2121 1016 2189 tradunt
1031 2117 1079 2212 9).
1121 2123 1214 2206 Quae

125 2269 177 2312 res
202 2248 249 2312 ita
274 2242 495 2338 intelligenda
517 2261 576 2326 est,
601 2259 638 2310 ut
655 2245 841 2311 Minervam
862 2246 961 2312 huius
982 2246 1091 2338 pueri,
1113 2269 1214 2336 quem

126 2368 233 2434 Terra
257 2370 352 2435 enixa
384 2384 434 2434 est
455 2359 517 2455 ¹⁰),
556 2370 733 2450 misereat,
774 2393 875 2462 quam
909 2369 953 2436 ob
993 2393 1140 2452 caussam
1171 2368 1214 2436 de

127 2507 215 2558 terra
241 2513 318 2557 eum
339 2488 429 2558 tollit
450 2487 504 2575 ¹¹).
555 2490 670 2586 Itaque
699 2516 803 2586 quum
827 2491 1038 2560 Erichthonii
1063 2508 1214 2586 tempore

131 2653 426 2673 ——-··—·—·-—-

178 2757 205 2827 7)
225 2755 270 2811 Gi.
291 2755 413 2808 Clinton.
431 2755 460 2807 F.
477 2755 511 2816 Η,
531 2755 595 2807 Vol.'
610 2759 631 2808 1.
649 2773 676 2827 p.
695 2757 731 2828 59
748 2773 808 2829 sqq.

179 2847 208 2917 8)
226 2843 297 2895 Plut
314 2843 396 2896 Thes.
415 2859 437 2896 c.
457 2845 500 2900 23.
519 2841 596 2897 Suid.
613 2859 635 2901 a.
646 2860 680 2903 ·v.
697 2845 902 2910 Παναθήναια.
939 2844 1015 2903 Paus.
1032 2843 1104 2895 Vnt.
1122 2857 1147 2893 a.
1172 2858 1194 2893 r.

179 2934 208 3004 9)
230 2929 303 2981 Suid
324 2930 344 2981 l.
365 2947 389 2985 c.

165 3023 206 3085 ao)
225 3021 299 3073 Paos.
318 3019 338 3070 1.
361 3033 385 3068 2.
403 3022 427 3072 8.
464 3016 496 3069 li.
517 3017 552 3070 11.
570 3017 630 3084 546.

167 3109 208 3180 ιι)
224 3106 305 3175 Quod
324 3104 506 3174 pulcherrime
538 3101 659 3154 ostendit
676 3119 722 3154 vas
748 3102 820 3154 illud
847 3111 942 3155 notum
969 3101 1057 3154 Musei
1082 3103 1212 3172 Principis

232 3193 392 3256 caninatis,
421 3191 523 3242 editum
542 3208 557 3241 a
576 3190 695 3242 Panoika
723 3191 854 3261 (Monam.
873 3191 938 3244 dell'
963 3193 1029 3250 last.
1049 3189 1119 3242 arch.
1146 3191 1211 3247 Tar.
1302 3238 1307 3248 ,

234 3280 267 3335 Χ.
287 3281 330 3330 ΧΙ.
361 3288 388 3330 et
406 3280 568 3348 explicatum
585 3279 653 3330 Anu.
675 3279 739 3330 dell’
760 3281 826 3334 Inst.
851 3282 927 3349 1829,
953 3297 979 3348 p.
1001 3295 1051 3348 ²9²
1070 3280 1139 3347 sqq.)
1175 3277 1213 3342 Γῆ

232 3369 307 3435 ipsa,
328 3368 402 3417 coitis
421 3367 520 3434 figurae
539 3368 663 3435 superior
679 3375 783 3417 tantum
801 3383 862 3435 pars
878 3367 1059 3435 conspicitur,
1079 3365 1212 3416 infantem

231 3454 370 3504 Minervae
389 3471 493 3504 sursum
514 3441 739 3523 porrigitjquae
760 3471 822 3505 eum
846 3452 941 3522 aegide
967 3453 1074 3522 excipit„
1116 3450 1213 3505 adstat

233 3542 372 3592 Minervae
398 3542 455 3610 ipse
485 3542 529 3611 qui
555 3549 632 3610 pater
650 3557 707 3592 esse
736 3541 835 3592 elicitur
852 3541 998 3592 Vulcanus.
1043 3539 1096 3591 Sed
1122 3540 1212 3592 minus

232 3629 312 3679 facila
331 3637 373 3680 est
388 3629 524 3698 explicatu
542 3629 611 3679 latua
629 3629 697 3680 vasis
716 3645 853 3692 aversum,
869 3629 948 3682 'cuius
966 3629 1077 3696 figuram
1094 3628 1124 3678 in
1143 3629 1212 3679 sella

180 3719 186 3732 '
233 3717 388 3780 sedentem,
422 3733 492 3785 quaa
526 3715 641 3768 feminae
668 3715 757 3766 alatae
791 3714 909 3766 adstanti
942 3725 1060 3784 pateram
1089 3715 1211 3783 porrigit,

232 3803 389 3872 Neptunum
427 3821 485 3854 csse
511 3801 630 3855 Panoska
656 3801 805 3856 contendit.
856 3803 951 3873 Neque
981 3819 1043 3854 vero
1071 3801 1212 3864 diiudicat,

233 3908 302 3960 quae
322 3893 357 3943 sit
375 3891 441 3941 haec
459 3893 542 3959 ligura
560 3891 646 3953 alata,
666 3907 748 3960 quum
766 3907 821 3941 nou
839 3891 937 3962 minus!
949 3890 1020 3941 bene
1040 3891 1105 3952 tris,
1131 3905 1211 3957 quarn

232 3971 351 4029 Victoria
377 3979 483 4046 agnosci
501 3979 596 4048 possit.
644 3977 683 4028 ab
715 3977 765 4028 hac
794 3977 974 4046 explicatione
1003 3977 1094 4027 lateris
1125 3977 1211 4025 aversi

232 4063 358 4116 dissentit
377 4063 524 4116 Muellerus
543 4063 670 4136 (Denkrn.
692 4064 716 4115 d.
737 4065 766 4116 A.
784 4065 880 4116 Kanat-
899 4064 1058 4116 Tatxtvt.
1078 4077 1159 4113 nera
1174 4061 1210 4132 b.)

237 4154 285 4221 qui
304 4153 443 4204 sedentem
462 4154 546 4204 virum
564 4152 785 4216 Erichthonium,
806 4145 909 4203 Atticae
932 4167 1028 4218 regern,
1047 4148 1213 4201 adstantem·

237 4241 438 4311 quaternium
457 4239 545 4294 Dik'cn
569 4258 626 4293 esse
649 4248 756 4294 censet.
807 4239 860 4292 Sed
891 4257 979 4310 neque
1007 4238 1093 4303 hanc,
1122 4255 1211 4310 neque

1335 2577 1351 2620 l
