2920 4868
516 485 566 530 -·-
606 463 662 540 ti)
704 457 767 519 ὲ

93 668 171 749 Qua
194 686 236 732 ex
258 691 297 733 re
322 681 436 734 caru'm
461 669 553 735 notio
577 680 609 735 et
633 687 749 735 natura
772 667 921 735 dilucide
947 685 1110 762 apparere
1132 676 1181 742 vi·-

92 789 207 884 detur,
242 809 320 892 nant
346 793 457 858 omnia
484 807 517 858 et
542 791 654 860 divina
683 811 715 859 et
753 793 896 858 humana
927 817 1006 861 veru
1047 813 1080 862 et
1104 789 1181 890 gei·-

85 932 190 979 mano
213 912 335 1006 gaudio
361 915 602 995 alliciebantur,
638 916 766 1009 quippe
800 933 905 1007 quum
936 911 1178 987 ‹Hi'iacrificiis

91 1037 320 1130 precibusque
346 1035 507 1103 delectari
528 1044 742 1130 putarentur,
765 1018 917 1102 homines
945 1052 1053 1103 sutem
1079 1037 1178 1123 ludis,

87 1161 215 1254 epulis,
243 1145 682 1254 saltationibus'gauderent.
743 1159 885 1227 Accedit
907 1159 999 1254 quud
1026 1163 1063 1227 in‘
1088 1161 1179 1230 feriis
1231 1187 1232 1194 ¹

91 1285 263 1378 plerisque
290 1285 496 1380 singulorum
519 1285 659 1354 deorum
684 1307 738 1350 res
759 1283 931 1377 praeclare
954 1304 1080 1377 gestae,
1105 1290 1179 1379 qui·-

92 1409 151 1476 hus
186 1411 223 1475 in
257 1411 412 1476 mortales
443 1411 607 1477 beneficia
639 1407 845 1492 detulerant,
882 1412 917 1476 in
951 1403 1070 1503 populi
1098 1433 1178 1476 con-

95 1551 242 1624 spectum
279 1533 564 1626 producebantur.
630 1535 762 1601 Etenim
796 1533 849 1601 vel
880 1536 1029 1628 ipsarum
1064 1553 1179 1600 rerum

10 1691 11 1708 ι
91 1658 196 1750 imago
223 1655 478 1737 ostendebatur,
505 1671 542 1722 nt
566 1657 601 1720 in
627 1654 806 1721 Eleusiniis
831 1652 1005 1722 celebratis
1031 1655 1177 1749 agricul-

90 1797 159 1845 tura
194 1776 343 1844 iiistltutu
385 1795 419 1846 ct
455 1776 490 1844 in
526 1780 724 1872 Argivorum
760 1779 897 1844 Heraeis
934 1777 991 1845 ille
1022 1780 1111 1847 Iovis
1143 1797 1175 1847 et

89 1903 225 1969 Iunonis
252 1897 345 1994 ἱερὸς
369 1900 498 1992 γάμος,
533 1902 585 1972 vel
609 1903 800 1970 huminibus
833 1903 952 1970 festum
978 1904 1177 1972 celebranti-

93 2028 147 2094 bus
175 2025 232 2092 dei
257 2027 422 2094 beneficia
449 2029 665 2094 sollemnibus
693 2023 894 2121 quibusdam
920 2033 955 2095 in
980 2031 1176 2096 memoriam

90 2151 346 2231 revocabantur,
375 2150 472 2215 sicuti
503 2151 538 2214 iu
561 2151 835 2242 Daphnephoriis
867 2149 998 2216 laureae
1034 2152 1176 2216 circum-
1222 2133 1226 2146 ,

90 2274 281 2341 serebantur
307 2294 347 2339 eo
375 2271 433 2356 die,
457 2295 523 2365 quo
541 2271 663 2364 Apollo
690 2271 835 2337 lauream
858 2269 1066 2363 decerpsisse
1091 2271 1176 2337 dici-

89 2415 146 2481 tur.
201 2399 294 2481 Quae
321 2393 458 2489 quidem
491 2419 545 2460 res
572 2395 771 2488 plerumque
797 2395 846 2458 in*
868 2398 1000 2487 pompis
1027 2393 1172 2486 publicis

90 2521 221 2587 fiebant.
271 2519 315 2585 Et
341 2541 445 2612 quum
470 2541 586 2587 ornnes
611 2521 680 2586 sere
707 2518 778 2632 dies
804 2517 890 2598 sesti,
914 2535 1070 2610 utsupra
1089 2517 1175 2584 dixi·
1237 2549 1241 2560 ¹

88 2667 179 2724 mus,
206 2641 316 2708 hilari
336 2641 438 2709 modo
473 2641 740 2724 celebrarentur,
783 2657 816 2710 et
856 2641 1002 2736 populus
1029 2646 1187 2742 animum·

88 2767 280 2848 remitteret,
306 2786 443 2832 necesse
467 2762 813 2845 est,lab01esomnis
836 2770 967 2858 generis
993 2787 1026 2834 et
1050 2768 1173 2834 iudicia

10 2923 11 2936 ι
89 2908 229 2956 cessasse
247 2886 295 2976 3,)
323 2891 405 2982 quin
424 2889 529 2955 etiam
561 2888 598 2951 in
622 2886 733 2954 multis
760 2888 850 2956 feriis
874 2892 1024 2982 captivos
1054 2889 1173 2954 dimis-

90 3035 139 3080 sos
166 3033 238 3080 esse
272 3013 480 3092 invenimus,
518 3029 553 3077 ut
582 3032 651 3076 non
685 3010 835 3076 solum
826 3039 861 3078 m
886 3015 1075 3108 Dionysiis,
1115 3013 1176 3080 sed

91 3138 184 3204 ctiam
206 3140 243 3203 in
267 3134 507 3202 Panathenaeis
526 3149 625 3228 atque
652 3137 687 3201 in
703 3135 982 3230 Thesmophoriis
1001 3132 1040 3222 i).
1093 3141 1175 3222 Qui

136 3325 166 3392 3)
184 3319 274 3372 Schol.
294 3321 338 3370 br·
355 3319 438 3388 Vesp·
455 3321 517 3374 663.
1139 3343 1142 3353 ¹

136 3413 165 3478 4)
187 3407 275 3458 Schol.
294 3403 342 3476 qui
360 3416 469 3457 vocatur
487 3405 616 3474 Ulpianus
639 3405 684 3474 (ad
702 3401 840 3456 Demostb.
857 3405 1043 3458 atluTimocr.
1062 3426 1088 3477 p.
1102 3409 1174 3478 740.)

191 3498 219 3546 in
239 3493 434 3544 Panathenaicis
459 3495 577 3562 captivos
605 3509 711 3543 carcere
733 3493 855 3544 dimissos
882 3511 940 3546 esse
965 3495 1065 3558 tradit,
1101 3496 1175 3564 quoti

188 3583 260 3634 idem
283 3581 332 3632 ille
362 3580 396 3632 de
420 3581 558 3647 Dionysiis
584 3580 668 3632 refert
695 3579 906 3648 (adalranus
924 3600 949 3651 p
969 3584 1043 3654 614)
1087 3587 1175 3651 Atque

189 3687 272 3740 quum
289 3666 465 3720 Marcellinus
497 3663 544 3739 (acl
562 3665 769 3736 Hermogenem)
803 3669 874 3720 idem
895 3669 974 3720 etiam
996 3671 1023 3720 in
1043 3667 1175 3720 Thesmo-

186 3757 322 3828 phoriis'
314 3765 343 3808 ιιι
364 3765 438 3807 more
466 3755 549 3808 luisse
571 3755 658 3819 (licat,
685 3763 774 3809 errore
791 3755 857 3810 mihi
876 3755 1003 3808 videntur
1021 3755 1173 3809 Boeclhius

190 3843 292 3914 (Uebcr
314 3841 340 3898 ti.
358 3840 466 3896 benten
496 3841 579 3916 424)
613 3853 640 3896 et
657 3843 817 3896 Welclerus
846 3845 969 3914 (Nachtr.
994 3839 1062 3897 Tiil.
1087 3847 1174 3897 Proin.

189 3951 215 4002 p.
240 3933 298 4002 196)
316 3933 363 4002 qni
380 3931 433 3982 hoc
449 3933 558 3983 nonnisi
577 3933 605 3984 iu
624 3931 761 3999 Dionysiis
780 3932 879 3983 iactum
899 3947 957 3984 esse
977 3931 1081 3996 dicunt,
1098 3934 1173 3984 curius

188 4022 227 4072 rei
247 4037 366 4072 caussam
398 4019 445 4071 ille
471 4017 604 4090 Bacchum
627 4009 808 4072 Liberatorem
830 4020 914 4072 affert.
958 4019 1066 4071 Etiamsi
1100 4021 1172 4070 enim

189 4122 285 4176 magna
314 4107 476 4159 scholiorum
505 4109 553 4178 qui
572 4107 689 4177 Ulpiano
718 4108 906 4159 attribuuntur
931 4113 992 4176 pais
1022 4117 1037 4158 e
1069 4107 1172 4158 Demo-

190 4194 285 4246 sthene
315 4196 374 4264 ipso
401 4211 524 4265 perverse
551 4203 656 4264 sumpta
687 4213 743 4246 esse
763 4193 904 4257 videatur,
931 4207 1051 4245 curiosam
1081 4202 1171 4246 tamen

190 4281 315 4354 equidem
332 4301 387 4338 non
406 4283 503 4350 video,
520 4301 568 4336 eur
585 4283 630 4336 hic
649 4283 809 4336 scholiastae·
830 4273 989 4370 disiciamus,
1008 4295 1092 4353 quum
1111 4281 1169 4333 mb-
