2920 4868
711 492 772 518 -·
809 468 858 536 20
909 463 979 513 -·

283 663 348 730 ltus
376 685 417 729 cx
437 662 538 728 rebus
572 681 729 755 apparet,
765 687 869 756 quatu
890 661 1014 730 lautam
1049 687 1252 760 suavemque
1278 671 1378 741 vitam

284 785 406 854 Graeci
439 788 475 854 iu
511 786 601 854 sestis
637 783 808 878 degerint,
854 804 1045 879 quantaque
1076 812 1194 863 eorum
1226 793 1377 860 omnium

286 909 410 978 laetitia
435 885 576 991 luerit,'
596 935 701 1003 quum
736 911 834 982 etiarn
859 933 1027 1004 pauperes
1060 913 1097 980 in
1121 913 1213 982 leriis
1239 915 1376 986 Graecis

283 1034 396 1101 cantui
421 1051 454 1100 et
479 1032 643 1103 saltationi
668 1057 741 1100 sese
767 1031 897 1106 darent.

381 1153 452 1222 Sed
483 1157 624 1224 maiores
664 1173 792 1223 tantum
813 1155 1021 1226 Graecorum
1055 1156 1247 1250 scuiae'eo¹
1270 1161 1374 1245 modo

282 1279 486 1374 agebantur,
521 1299 558 1348 ut
582 1303 645 1372 per
671 1277 785 1372 plures
813 1278 884 1348 dies
914 1280 1061 1374 populus
1087 1284 1123 1350 in
1148 1285 1215 1354 otio
1238 1287 1373 1371 viveret,

280 1422 380 1498 atque
402 1405 448 1470 ita
473 1399 632 1494 quidem,
666 1420 703 1470 ut
730 1401 863 1472 dierum
894 1429 1053 1485 numerus
1084 1406 1138 1476 vel
1172 1433 1191 1472 a
1224 1409 1374 1502 singulo-

280 1553 358 1594 rum
382 1524 523 1594 deorum
548 1545 684 1608 natura,
722 1525 776 1594 vel
810 1529 954 1596 archus
989 1531 1071 1622 ipsis
1104 1556 1190 1623 quae
1221 1533 1373 1602 inferiis

280 1651 427 1734 fiebant,
454 1647 671 1742 dependeret.
721 1649 813 1719 Alias
837 1653 925 1722 euim
942 1655 1106 1720 maiorum
1127 1653 1287 1731 feriarum
1309 1683 1373 1751 per

238 1753 243 1760 ι
279 1791 347 1841 tres
373 1773 444 1840 dies
471 1790 558 1838 actas
587 1798 659 1839 esse
684 1774 824 1856 scimus,
859 1775 956 1840 sicuti
980 1776 1192 1847 Anthesteria
1224 1796 1258 1846 et
1279 1780 1371 1872 Apa.-

281 1899 390 1979 turia,
434 1898 513 1965 alias
543 1922 608 1991 per
639 1916 770 1990 septem
799 1895 894 1978 dies,
936 1899 1033 1966 sicuti
1058 1897 1246 1984 Eleusinia,
1283 1926 1369 1994 quae
1452 1891 1453 1964 Ῐ

278 2045 333 2087 res
359 2023 457 2088 etiam
482 2020 525 2088 de
550 2019 720 2087 nonnullis
734 2017 902 2112 Apollinis
928 2019 1020 2087 feriis
1038 2045 1078 2088 ex
1103 2021 1203 2090 huius
1228 2022 1284 2090 dei
1305 2050 1369 2092 nu-

276 2169 371 2212 mero
399 2144 520 2212 coniici
544 2141 632 2210 licet
697 2141 881 2210 Maximum
915 2160 1024 2208 autem
1050 2141 1183 2210 dierum
1206 2145 1368 2214 festorum

274 2291 453 2334 numerum
479 2290 549 2332 esso
574 2264 880 2330 Panathenaeorum
905 2263 992 2330 infra
1017 2285 1210 2357 exponetur.
1260 2269 1367 2338 Athe-

277 2391 411 2456 nienses
447 2389 537 2455 enim
571 2405 647 2454 ante
681 2409 797 2468 omnes
833 2383 992 2451 Graeciae
1022 2387 1169 2479 populos
1203 2388 1247 2458 ad
1282 2391 1367 2460 festa

278 2509 482 2577 celebranda
507 2508 670 2602 propensi
695 2525 808 2588 erant,
831 2505 869 2574 id
891 2507 984 2600 quod
1008 2533 1084 2584 cunt
1108 2536 1227 2578 serena
1251 2514 1368 2584 indole
1451 2545 1452 2566 ¹

277 2633 415 2713 Ionum,
451 2633 487 2697 in
525 2655 669 2726 quorum
695 2631 880 2700 civitatibus
917 2633 1097 2724 imperium
1126 2659 1233 2726 penes
1256 2662 1368 2732 popu.
1451 2733 1452 2736 Ἴ

276 2755 370 2837 lum,
395 2755 553 2822 seriarum
579 2770 760 2833 amantem,
790 2771 876 2835 erat,
908 2755 1033 2846 optime
1061 2759 1224 2826 convenit.
1273 2761 1369 2828 Nun-
1451 2751 1452 2754 Ἴ

278 2905 380 2974 quam
414 2880 503 2958 euim
535 2876 653 2944 melius
688 2901 788 2970 quam
814 2875 933 2944 dicbus
966 2877 1057 2946 festis
1083 2877 1199 2948 divites
1220 2884 1365 2992 'populo

277 3004 438 3097 pecunias
463 3001 577 3096 largiri
602 3017 775 3092 poterant,
808 3023 913 3090 quum
936 2998 1000 3066 hac
1021 3001 1195 3067 occasione
1223 3003 1366 3072 aliorum

279 3127 339 3219 qui
360 3123 480 3217 populi
504 3123 658 3216 potestati
679 3144 749 3188 non
773 3119 943 3201 favebant,
965 3145 1076 3214 neque
1102 3122 1366 3218 indignationem

279 3273 391 3342 neque
418 3246 559 3312 ambitus
582 3244 807 3335 suspicionem
827 3243 862 3308 in
887 3267 922 3308 se
946 3263 1187 3314 converterent.
1236 3251 1366 3318 Rectis-

279 3374 361 3439 sime
385 3371 486 3464 igitur
509 3365 703 3460 Xenophon
719 3355 754 3456 ¹5)
775 3389 952 3433 numerum
978 3365 1109 3436 dierunt
1134 3369 1295 3440 festorum
1320 3373 1363 3440 ab

384 3667 439 3702 rem
459 3648 537 3698 illum
556 3647 722 3718 captivorum
740 3647 770 3700 in
795 3646 870 3701 seriis
897 3647 1066 3704 dimissorum
1087 3655 1168 3707 etiam
1195 3655 1267 3726 apud
1294 3659 1364 3712 alios

385 3729 558 3808 antiquitatis
575 3736 691 3805 populos
708 3735 792 3788 luisse
812 3744 924 3791 constet.
962 3740 997 3794 Et
1022 3757 1106 3812 quum
1131 3742 1174 3792 illi
1203 3743 1364 3798 scholiastae

384 3823 445 3876 loco
463 3823 510 3892 qui
528 3822 562 3873 ad
579 3823 711 3889 Dionysia
727 3824 860 3892 pertinet,
878 3824 959 3877 fldem
976 3826 1140 3890 habeamus,
1156 3847 1212 3880 non
1229 3839 1271 3882 est
1288 3834 1365 3902 quod

385 3910 538 3962 reiiciamus
560 3926 591 3961 ea
610 3927 679 3979 quae
698 3910 732 3961 de
752 3911 947 3964 Panathenaeis
965 3915 1065 3980 tradit,
1092 3918 1252 3984 praesertim
1279 3937 1363 3989 quum

386 3996 559 4048 Marcellinus
578 3997 654 4050 cuius
673 3995 783 4068 quidem
807 3998 964 4051 testimonia
987 4002 1146 4074 plerumque
1172 4021 1267 4073 parum
1284 4025 1364 4059 aceu-

384 4092 444 4135 rata
462 4100 519 4161 esse
536 4101 593 4136 non
609 4085 720 4150 infitior,
739 4084 856 4137 eundem
873 4104 976 4142 morem
995 4089 1216 4162 Thesmophoriis
1237 4094 1365 4150 vindicet.

381 4170 437 4242 (Cf.
456 4171 595 4223 Wellauer
613 4171 646 4224 de
667 4172 829 4244 Thesmoph.
846 4191 872 4244 p.
891 4177 944 4246 36).

332 4260 361 4330 5)
380 4257 421 4311 De
440 4275 496 4328 rep.
514 4258 611 4313 Athen.
630 4262 678 4320 111,
695 4263 721 4320 8.
