2906 4882
533 436 780 504 *⁶812*

111 627 227 698 Prlnc.
255 623 337 697 Can.
373 654 405 703 u.
432 631 512 706 807.
542 627 572 726 ⁵)
609 627 801 722 praeditum
823 645 890 712 est,
930 621 1005 698 sotls
1041 639 1197 725 apparel,

111 754 183 850 iam
209 771 279 820 tum
304 759 429 846 pueros
457 775 593 844 quoquc
621 753 684 820 vel·
704 751 935 820 adolescentes
965 752 1064 820 studii
1094 759 1198 856 parti-

109 880 210 970 cipes
236 877 348 958 fuisse.
1157 871 1162 902 l

218 999 300 1066 Tria
326 1019 434 1065 autem
461 1016 590 1070 exstent
615 995 712 1064 huius
740 1015 854 1064 cursus
873 1019 995 1091 genera
1021 1002 1056 1066 i'n
1081 1003 1200 1068 inscri-

111 1124 290 1218 ptionibus
328 1141 538 1188 enumerata:
577 1121 748 1196 stadium,
787 1121 941 1190 dolichos
977 1142 1009 1189 et
1047 1123 1182 1192 diaulus
1190 1154 1201 1204 ,·

112 1267 218 1339 atque
246 1267 349 1338 quum
376 1246 474 1310 etiam
499 1247 534 1310 in
559 1231 752 1312 huiusmodi
769 1247 853 1312 vasis
868 1247 1122 1314 Panathenaicis
1138 1250 1201 1316 ho-

113 1372 226 1436 miucs
250 1386 422 1435 currentes
447 1370 572 1460 partim
597 1393 749 1449 numeru,
775 1371 898 1462 partim
922 1369 1024 1438 modo
1043 1347 1201 1440 currendi

113 1498 206 1560 inter
233 1519 268 1559 sc
295 1488 468 1578 dillcrsnt,
500 1493 692 1559 Ambrosch
722 1489 813 1560 houd
845 1495 1013 1562 immerito
1048 1513 1203 1562 vasorum

114 1618 281 1710 imagines
309 1640 385 1683 cum
417 1617 524 1682 tribus
550 1615 615 1682 illis
647 1616 826 1708 generibus
861 1641 901 1682 ex
926 1618 1201 1709 inscriptionibus

114 1744 205 1809 notis
230 1741 432 1834 coniungere
459 1738 593 1806 studuit
637 1739 741 1832 Apud
761 1741 946 1810 Homerum
964 1736 998 1826 6)
1024 1744 1113 1808 enim
1127 1741 1202 1810 Uli.

78 1919 86 1941 ,
115 1887 192 1946 xes,
218 1865 303 1930 Aiax
330 1864 441 1931 minor
467 1881 500 1930 et
528 1861 747 1945 Antilochus,
784 1865 896 1956 itaque
931 1883 998 1932 tres
1031 1891 1201 1946 cursores,

118 2011 219 2054 cursu
244 1990 280 2052 in
302 1985 468 2052 honorem
492 1985 638 2053 Patrocli
666 1969 816 2054 defuncti
842 2004 980 2069 certent,
1004 1990 1203 2080 quumPe'u*
1249 2015 1255 2031 r

116 2113 226 2178 sanias
249 2107 278 2194 7)
295 2129 473 2176 numerum
491 2108 799 2179 stadiodromotum
817 2112 940 2178 iustum
957 2130 1113 2203 quattuor
1128 2137 1200 2180 csse

116 2234 219 2302 dicat.
270 2234 335 2316 Qui
368 2231 509 2325 quidem
540 2234 584 2298 ita
621 2255 758 2300 currere
795 2229 969 2316 solebant,
1002 2253 1039 2312 ut
1071 2252 1112 2300 e'x
1147 2237 1199 2302 his

117 2375 277 2452 quattuor
301 2358 325 2422 ii
351 2355 419 2424 duo
445 2357 503 2450 qui
528 2357 676 2448 primum
700 2373 846 2448 optatam
865 2381 965 2424 cursu
991 2359 1200 2449 contigerant

112 2501 255 2561 metam,
285 2480 396 2548 denuo
425 2498 617 2560 currerent,
644 2497 744 2573 etque
771 2499 841 2548 tum
868 2480 1002 2548 demum
1038 2480 1198 2549 alteruter

113 2605 302 2697 praemium
326 2603 484 2672 auferret.
541 2606 669 2672 Verum
697 2605 796 2670 etiem
821 2603 913 2672 idem
939 2607 1083 2698 scriptor
1100 2600 1132 2690 ⁸)
1162 2608 1197 2672 in

115 2728 255 2822 Cypseli
281 2753 358 2794 arca
385 2727 535 2817 quinque
552 2751 705 2794 cursores
724 2729 847 2794 effictos
866 2753 936 2796 esse
953 2729 1070 2812 trudit,
1096 2748 1196 2822 etque

114 2877 219 2944 quum
246 2853 311 2917 hou
337 2869 479 2926 numero
507 2869 682 2916 cursorum
709 2853 815 2917 maior
850 2853 885 2918 in
917 2853 1201 2919 vasis‘Panotlre-'

113 2977 218 3041 naicis
244 2997 313 3040 non
339 2974 546 3052 inveniatur,
581 2991 698 3038 eorum
734 2997 910 3040 numerum
943 2976 1094 3066 quinque
1124 2994 1194 3041 non

116 3099 296 3166 excessisse
321 3097 443 3162 merito
481 3094 668 3188 colligitur,
701 3097 779 3187 quia
814 3115 925 3188 neque
960 3097 1101 3164 artifices
1135 3099 1195 3164 lias

115 3247 170 3288 res
198 3220 241 3286 ud
267 3203 595 3287 suamvoluntatem
631 3220 834 3300 tractabunt,
866 3241 978 3312 neque
1012 3222 1193 3312 scriptores
1296 3267 1298 3276 ,

113 3347 276 3411 maiorem
300 3343 397 3409 nohis
423 3363 600 3408 numerum
625 3341 776 3409 afferunt.
826 3343 899 3409 Huc
926 3341 1073 3426 secedit,
1100 3335 1194 3435 quod

115 3467 158 3534 ud
184 3469 243 3534 hus
270 3485 422 3532 vesorum
454 3467 613 3558 imagines
642 3491 717 3532 cum
742 3468 943 3558 scriptorum
967 3456 1051 3534 locis
1079 3469 1193 3536 conci*

64 3621 69 3630 ’
115 3590 243 3656 liundos
272 3578 370 3654 etiem
391 3586 574 3654 videndum
602 3606 668 3667 est,
696 3606 808 3654 utrum
839 3613 992 3656 cursores
1025 3619 1042 3656 a
1074 3589 1194 3656 dextra

116 3715 158 3780 nd
185 3713 329 3791 laevum,
360 3737 401 3776 nn
425 3737 442 3776 a
470 3709 562 3778 loeva
588 3710 630 3776 ad
658 3709 807 3780 dextram
833 3710 985 3794 tendant,
1022 3740 1087 3806 qua
1119 3716 1193 3807 qui-

113 3868 399 3891 *μ

150 3949 177 4017 5)
198 3947 270 3998 Mon.
290 3945 353 3996 dell'
373 3946 436 3995 lust.
451 3940 540 4008 fxxn,
560 3950 583 4012 4,
600 3943 627 3993 o.
652 3995 660 4012 Ι

149 4036 177 4104 6)
196 4035 227 4084 ll.
246 4031 342 4092 xxttl,
362 4033 420 4099 754.

151 4125 177 4188 7)
197 4121 242 4176 Vl,
264 4120 303 4180 «3,
322 4136 345 4168 u.

150 4211 177 4277 8)
196 4209 229 4268 V,
251 4227 288 4276 17,
311 4212 334 4274 4,
