2934 4866
659 373 927 440 -120-

256 566 357 640 modo
385 565 562 658 dispositae
588 583 683 646 aunt,
719 583 757 631 ut
781 565 823 630 ab
849 582 991 656 utroque
1015 563 1127 630 lateris
1154 563 1230 654 fine
1246 565 1332 654 inci-

257 692 364 786 pienti
402 713 515 756 versus
557 687 705 756 medium
748 689 927 755 convenire
968 683 1151 754 videantur.
1214 689 1330 781 ltaque

256 839 341 908 quae
373 815 409 880 in
442 810 654 886 meridionali
689 810 839 904 Zophori
876 809 1045 879 orientalis
1074 828 1170 904 parte
1204 813 1332 880 effictae

255 955 342 1020 aunt,
368 937 533 1030 spectanti
555 934 727 1015 dextrum,
754 953 787 1002 et
812 935 954 1028 quaein
980 933 1254 1027 septentrionali,
1284 937 1332 1001 si-

255 1063 396 1129 nistrum
421 1061 573 1152 corporis
598 1058 684 1128 latus
706 1056 893 1126 ostendunt
931 1057 1099 1151 Utrasque
1124 1075 1235 1125 autem
1256 1059 1331 1126 vin-

256 1183 332 1252 culo
359 1183 505 1277 quodam
518 1185 607 1250 inter
633 1208 669 1251 se
686 1185 879 1251 coniunctas
904 1206 992 1265 esse,
1014 1183 1080 1248 iam
1094 1180 1330 1250 demonstrare

255 1306 474 1376 studebimus.

339 1431 558 1523 -Incipieutes
593 1458 612 1496 a
648 1428 861 1499 meridionali
885 1430 982 1497 huius
1004 1427 1118 1498 lateris
1151 1448 1250 1523 palte
1280 1433 1329 1498 vi-

253 1553 372 1623 demus
404 1579 610 1649 praeconem
632 1550 662 1639 ⁹)
697 1553 870 1648 palliatum
909 1554 967 1647 qui
991 1578 1100 1620 *manu
1133 1552 1263 1622 sublata
1289 1555 1329 1622 iis

256 1680 316 1773 qui
342 1681 378 1745 in
409 1677 517 1746 latere
545 1677 759 1745 meridionali
789 1678 894 1745 boves
925 1676 1076 1760 ducunt,
1109 1681 1239 1770 signnm
1263 1677 1325 1758 dat,

253 1828 319 1894 qua
345 1827 383 1868 re
416 1804 590 1894 uniusque
628 1800 743 1868 lateris
773 1825 921 1894 pompae
953 1800 1099 1895 quodam
1133 1803 1227 1895 quasi
1257 1804 1325 1869 vin-

257 1922 332 1992 culo
360 1926 515 2018 coniungi
536 1923 700 1992 videntur.
742 1927 829 1991 Eum
850 1905 1062 2019 praecedunt
1086 1927 1237 2020 quinque
1263 1899 1329 1993 vii·-

224 2073 226 2078 ’
250 2048 348 2144 gines
368 2041 409 2133 ³),
434 2050 546 2115 tunica
570 2047 746 2142 peploque
778 2047 935 2130 indutae,
964 2075 1050 2142 quae
1075 2073 1210 2142 magnas
1235 2026 1331 2143 pate-

255 2197 310 2238 ras
335 2171 500 2240 sacrificas
525 2198 625 2238 manu
648 2171 766 2240 dextra
790 2191 918 2254 tenent,
943 2173 987 2240 ita
1008 2190 1045 2238 ut
1068 2199 1122 2239 eas
1139 2169 1331 2268 φιαληφό-

261 2316 342 2388 ρους
356 2293 530 2389 appellare
544 2294 675 2377 liceret,
698 2295 952 2390 si'scriptorum
978 2297 1166 2364 testimonia
1188 2299 1225 2363 in
1242 2297 1329 2370 hanc

233 2417 478 2486 'rem'afferre
503 2427 685 2512 possemus.
711 2511 714 2518 ,
736 2420 796 2486 His
822 2419 1004 2512 virginibus
1030 2443 1222 2487 sermonem
1246 2423 1336 2488 inter

260 2567 296 2610 se
334 2542 585 2610 conferentibus
624 2524 660 2608 se
699 2540 882 2634 adiungunt
918 2543 1068 2637 quinque
1106 2543 1191 2611 aliae
1236 2543 1335 2610 semi-

261 2688 324 2729 nae
344 2657 376 2748 l)
408 2663 562 2730 similiter
597 2665 736 2732 vestitae
769 2691 853 2758 quae
888 2668 1040 2734 manibus
1070 2666 1223 2738 demissis
1260 2695 1334 2736 vasa

262 2766 397 2854 tenent..
446 2790 538 2871 Quae
569 2813 644 2856 vasa
672 2815 690 2854 a
722 2789 927 2858 Lenormant
955 2785 1128 2886 οἰνοχόαι
1159 2810 1274 2860 vocata
1293 2785 1333 2882 5),

260 2911 344 2976 mihi
375 2909 533 2978 videntur
568 2937 641 2980 esse
677 2911 838 3008 hydriae3
871 2937 949 2979 nam
983 2916 1044 2982 etsi
1074 2897 1175 2980 unam
1207 2933 1333 2983 tantum

260 3049 371 3100 ansam
397 3037 432 3101 in
464 3037 505 3102 iis
532 3039 755 3131 conspicimus
789 3055 822 3105 et
847 3065 921 3106 vasa
951 3040 1023 3134 ipsa
1048 3066 1215 3134 perparva
1245 3060 1329 3124 sunt,

260 3145 372 3226 tamen
397 3158 594 3252 hydriarum
617 3186 741 3228 nomen
765 3164 806 3228 iis
830 3162 950 3230 melius
963 3144 1157 3236 ¹'convenire
1184 3164 1329 3250 videtur,

257 3307 357 3373 quam
383 3281 487 3364 illud,
521 3287 599 3368 quia
623 3311 697 3352 vasa
722 3311 836 3377 neque
862 3287 981 3354 iustam
1010 3313 1049 3354 ac
1073 3291 1248 3384 propriam
1269 3315 1329 3356 oe-

253 3407 459 3473 nochoarum
484 3406 628 3486 sormam
652 3407 797 3490 hahent,
834 3434 945 3503 neque
978 3438 997 3476 a
1031 3413 1249 3504 scriptoribus
1283 3413 1327 3480 de

254 3529 445 3624 virginibus,
471 3557 557 3628 quae
584 3531 774 3600 oenochoas
800 3532 981 3628 inpompa
989 3537 1230 3604 Panathenaica
1247 3561 1328 3629 por-

260 3695 489 3706 tau—--1--0-a--0-
500 3697 524 3706 -ο

305 3787 332 3854 a)
351 3788 476 3857 Κήρυκες
493 3789 558 3860 περὶ
575 3781 624 3846 τὰς
643 3786 776 3858 πομπάς,
796 3788 863 3840 Poll.
881 3788 953 3849 vlu.
975 3792 1032 3846 103.
1053 3787 1058 3794 ’

308 3883 336 3950 3)
354 3881 402 3950 ap.
423 3883 586 3934 Lenormant
605 3882 642 3952 pl.
662 3883 707 3946 lX,
725 3901 750 3936 a.
768 3884 832 3934 Brit.
853 3885 922 3936 Mus.
940 3903 966 3938 n.
987 3903 1023 3956 9⁰
1043 3895 1071 3938 et
1089 3903 1127 3956 ¹7·

303 3977 332 4044 4)
351 3978 472 4028 Lenorm.
492 3978 537 4040 IX,
557 3996 583 4030 2.
600 3980 624 4030 3.
643 3979 709 4030 Brit.
731 3978 800 4029 Mus.
818 3995 845 4030 n.
867 3998 904 4049 ¹7·

304 4072 332 4141 5)
350 4072 390 4122 Cf.
413 4072 534 4124 Panoska
553 4072 719 4124 Recherches
736 4089 781 4124 aur
799 4073 839 4125 les
856 4090 932 4126 noras
950 4073 997 4127 alea
1016 4075 1098 4128 Vases
1116 4076 1199 4128 Greci
1214 4077 1245 4139 V,
1270 4095 1324 4130 ιοι.

357 4158 488 4212 (lefherd.
508 4161 577 4211 Berl.
596 4160 656 4212 lat.
676 4159 766 4218 Bitdw.
785 4177 810 4230 p.
829 4165 890 4216 365.
