2906 4882
671 449 938 520 -1‘28'-

262 643 306 712 de
332 662 421 712 terra
447 645 554 714 Attica
583 663 755 736 certamen
780 645 915 728 inierat,
951 672 992 712 ex
1016 671 1083 741 quo
1106 647 1259 716 Minerva
1285 648 1337 718 vi-

259 769 342 835 ctrix
376 768 501 853 evasit3
528 771 640 862 itaque
674 771 771 836 etiam
801 769 1037 837 Erichthonius
1071 769 1176 840 multo
1210 770 1336 839 melius

258 889 370 960 locum
391 893 446 960 hio
467 892 615 976 obtinet,
638 910 822 986 propterea
849 891 961 986 quod,
996 895 1155 988 quoniam
1179 911 1214 962 et
1238 895 1337 962 serti-

256 1013 356 1083 litatis
382 1033 492 1083 terrae
506 1017 636 1084 Atticae
663 1013 851 1110 symbolum
879 1035 928 1083 est
955 1035 988 1086 et
1006 1019 1237 1086 Panathenaea
1262 1021 1336 1112 pri-

257 1165 330 1206 mus
351 1141 511 1222 institnit,
549 1165 625 1208 cum
645 1139 799 1208 Minerva
820 1139 958 1210 Poliade
993 1159 1059 1210 tam
1085 1159 1176 1210 arcte
1208 1143 1334 1210 cohae-

258 1280 321 1344 ret,
345 1280 383 1329 ut
408 1266 478 1331 eius
504 1261 591 1330 filius
620 1287 692 1331 esse
717 1262 854 1330 dicatur.
905 1265 1017 1357 Atque
1044 1265 1071 1332 si
1097 1263 1192 1332 illum
1216 1265 1336 1334 adole·
1431 1287 1432 1314 ³

259 1405 409 1455 suentem
433 1387 688 1455 Erichthonium
715 1412 788 1454 esse
815 1389 991 1469 sumimus,
1018 1388 1145 1481 optime
1173 1389 1335 1482 explicari
1431 1431 1432 1440 κ

259 1527 398 1603 possunt
431 1507 517 1577 deae
544 1509 762 1578 Erichthonio
800 1510 988 1578 assidentes
1021 1535 1162 1604 quarum
1197 1531 1333 1579 naturae

258 1635 373 1702 similis
401 1636 489 1702 inest
518 1633 565 1703 vis
600 1652 700 1728 atque
735 1631 878 1702 indoles.
929 1635 1124 1702 Rectissime
1152 1636 1243 1704 enim
1267 1638 1335 1705 Le-

258 1774 413 1826 normant
446 1757 528 1825 duas
557 1757 698 1824 feminas
730 1745 1088 1851 sequentes'quarum
1113 1760 1220 1852 priori
1246 1785 1335 1854 puer

259 1880 360 1975 plane
387 1879 497 1946 nudus
523 1879 640 1962 adstat,
661 1881 899 1973 Proserpinam
934 1899 969 1948 et
991 1881 1156 1950 Cererem
1182 1907 1257 1952 esse
1283 1883 1336 1950 di·
1431 1885 1432 1890 ’

258 2006 312 2072 cit.
364 2006 451 2088 Quas
488 2003 569 2072 deas
601 2005 637 2070 in
670 2005 910 2072 Panathenaeis
952 2003 1130 2072 celebratis
1169 2031 1239 2076 non
1273 2033 1334 2076 ne-

256 2127 380 2222 glectas
409 2151 493 2212 esse,
518 2146 661 2222 apparet
687 2153 728 2194 ex
754 2151 806 2209 eo,
830 2125 923 2222 quod
944 2149 1069 2221 pompa
1090 2130 1332 2212 Panathenaica

256 2251 479 2333 Eleusinium,
507 2251 644 2319 Cereris
671 2250 853 2345 templum,
887 2251 1112 2345 praeteribat3
1144 2279 1222 2320 nam
1246 2278 1331 2338 nop-

256 2378 319 2442 nisi
342 2377 428 2443 hano
463 2377 506 2444 ob
541 2351 687 2443 caussam
717 2399 843 2469 pompa
871 2372 914 2441 ad
948 2373 1077 2443 laevam
1109 2375 1194 2443 Ilissi
1221 2378 1327 2472 ripam

255 2502 395 2569 transire
422 2517 535 2568 coacta
563 2516 642 2565 erat.
705 2497 753 2564 Ea
786 2515 898 2566 autem
922 2498 958 2564 in
988 2523 1027 2565 re
1059 2525 1079 2572 a
1111 2502 1326 2568 Lenormauti

257 2621 478 2716 explicatione
500 2620 767 2688 dissentiendum
789 2621 871 2688 mihi
895 2639 955 2702 est,
982 2621 1074 2716 quod
1096 2647 1240 2716 puerum
1260 2625 1326 2692 Ce-

255 2746 341 2813 reris
368 2770 456 2839 genu
480 2745 680 2812 innitentem
705 2769 773 2811 non
801 2745 967 2828 Iacchum,
993 2744 1055 2812 sed
1077 2745 1326 2839 Triptolemum
1431 2735 1432 2778 t

257 2895 331 2937 esse
357 2886 448 2963 puto.
500 2868 637 2936 Iacchus
665 2869 764 2949 enim,
790 2868 946 2962 mysticus
972 2868 1030 2936 ille
1047 2869 1164 2950 iulans,
1191 2872 1249 2963 qui
1273 2895 1326 2938 ra-

147 2985 151 2994 ’
254 2995 382 3062 rissime
412 3019 487 3061 cum
514 2993 644 3060 Cerere
676 2995 869 3060 coniunctus
895 2991 984 3060 inter
1009 2993 1086 3060 artis
1111 3013 1325 3062 monumenta
1431 3073 1432 3090 χ

254 3121 439 3199 invenitur,
462 3111 505 3184 ad
526 3119 714 3185 Minervam
738 3115 911 3184 Peliadem
940 3119 1079 3211 eiusque
1104 3117 1229 3184 cultum
1254 3144 1325 3186 om·

254 3245 333 3310 nino
366 3267 434 3334 non
458 3243 632 3336 pertinct3
668 3239 899 3334 Triptolemus
934 3258 1045 3306 autem
1082 3266 1184 3334 quem
1218 3243 1325 3310 Ceres

254 3365 487 3462 agriculturam
511 3364 642 3444 docuit,
676 3364 766 3429 hune
798 3360 912 3430 locum
942 3362 1062 3430 melius
1084 3380 1203 3432 tenere
1230 3363 1325 3432 vide·
1431 3419 1432 3430 ,

252 3510 323 3572 tur,
367 3489 445 3583 quia
471 3487 577 3556 Ceres
608 3511 675 3554 non
708 3505 775 3554 tam
799 3485 1034 3580 mysteriorum
1065 3486 1324 3569 Eleusiniorum

255 3640 354 3708 quam
388 3610 608 3706 agriculturae
640 3609 706 3678 dea
742 3610 797 3676 hie
834 3611 937 3677 efficta
971 3628 1028 3678 est.
1080 3613 1201 3704 Neque
1226 3613 1325 3705 igitur
1431 3699 1432 3714 ἢ

252 3737 368 3830 negari
393 3753 521 3828 potest,
552 3733 765 3827 Triptolemo
799 3731 943 3800 similem
967 3734 1078 3802 inesse
1102 3736 1190 3815 vim,
1223 3753 1322 3828 atque
1431 3721 1432 3728 ἵ

162 3883 165 3888 ·
253 3859 481 3927 Erichthonio.

347 3985 401 4050 De
426 3978 631 4074 explicandis
656 3980 782 4047 duabus
806 3979 918 4073 liguris
942 3979 977 4045 in
993 3979 1107 4048 medio
1125 3981 1191 4048 hoe
1216 3979 1321 4050 latere

250 4106 431 4202 propositis
463 4130 566 4170 unum
598 4119 630 4170 et
661 4102 753 4170 idem
787 4127 902 4170 omnes
929 4104 1133 4196 interpretes
1168 4105 1321 4172 sentiunt

251 4233 404 4326 Apparet
430 4231 519 4297 enim
544 4223 649 4296 virum
675 4227 849 4294 barbatum
876 4225 1069 4356 sedentem,
1105 4229 1156 4296 cui
1183 4226 1322 4321 pallium
