2906 4882
676 446 726 462 ..
778 407 944 482 124...

263 614 344 692 bitu,
370 609 488 677 vestitu
513 626 546 676 et
565 606 792 702 magnitudine
815 606 987 674 sedetiam
1013 629 1121 676 exeo
1148 605 1241 700 quod
1267 607 1337 674 sel-

265 733 307 802 lis
340 732 502 814 insident,
544 732 717 800 manifesto
754 748 918 825 apparct3
957 747 990 797 et
1021 755 1124 823 quum
1155 733 1244 798 inter
1273 732 1338 800 hos

264 858 345 926 deos
370 859 468 926 etiarn
499 856 721 950 arrhephoras
753 873 786 924 et
812 857 1019 924 Archontem
1043 857 1168 951 Regem
1194 859 1248 925 cui
1272 885 1339 952 pe-

266 982 383 1076 plusa
408 1005 514 1073 puero
540 979 692 1061 traditur,
719 981 980 1072 conspiciamus,
1005 979 1103 1047 facile
1126 979 1336 1076 intelligitur,

266 1104 350 1172 deos
376 1107 413 1170 in
436 1105 552 1172 intimo
580 1105 750 1172 Minervae
772 1102 917 1170 Poliadis
950 1102 1076 1198 templo
1099 1099 1255 1172 sedentes
1280 1105 1335 1172 hie

264 1230 388 1296 effictos
421 1223 502 1295 esse.
564 1229 617 1293 De
649 1223 839 1294 nominihus
877 1244 985 1293 autem
1017 1225 1155 1320 singulis
1194 1226 1336 1295 deorum

265 1346 379 1444 figuris
413 1349 632 1418 attribuendis
667 1347 848 1418 admodum
882 1353 969 1418 inter
1003 1375 1038 1417 se
1060 1349 1261 1417 dissentiunt
1285 1352 1335 1416 iu-

266 1493 443 1567 terpretes,
468 1477 547 1568 quia
573 1499 643 1542 non
672 1473 780 1542 solum
809 1475 964 1542 omnibus
997 1473 1068 1540 sere
1102 1473 1165 1540 diis
1195 1475 1336 1567 insignia

265 1600 387 1693 quibus
412 1614 647 1692 agnoscantur,
677 1597 778 1691 plane
805 1595 944 1677 desunt,
981 1595 1044 1664 sed
1070 1598 1168 1664 etiam
1195 1623 1262 1691 qna
1283 1623 1337 1664 ra-

263 1724 355 1789 tione
381 1747 457 1789 cum
479 1722 718 1789 Panathenaeis
743 1716 912 1789 coniuncti
934 1721 1013 1802 sint,
1040 1719 1174 1788 difficile
1201 1740 1252 1788 est
1279 1747 1337 1788 ex-

265 1843 400 1937 plicatu.
438 1844 550 1937 Atque
575 1842 758 1910 Muellerus
784 1841 925 1936 quidem
950 1846 1008 1938 qui
1032 1861 1109 1936 post
1128 1845 1336 1914 Viscontium

266 1967 310 2034 de
336 1968 405 2034 hac·
424 1992 463 2034 re
486 1968 624 2034 uberius
644 1966 810 2047 disseruit,
836 1986 907 2034 tum
929 1993 969 2034 ea
994 1969 1130 2033 numina
1151 1969 1207 2037 hic
1234 1970 1336 2036 efficta

268 2077 339 2158 esse
366 2107 498 2171 censet,
533 2116 676 2184 quorum
710 2115 803 2159 sacra
827 2117 902 2170 una¹
925 2115 1001 2160 cum
1024 2091 1176 2158 Minerva
1200 2081 1337 2158 Poliade

268 2218 305 2282 in
336 2241 413 2282 arce
438 2213 643 2282 Athenarum
676 2215 817 2296 fuerint,
851 2235 921 2284 tum
946 2239 1004 2294 ea,
1034 2238 1179 2308 quorum
1212 2213 1336 2308 templa

248 2366 393 2434 „pompa
418 2341 656 2408 Panathenaica
680 2339 900 2432 praeterierit
950 2340 1050 2408 Recte
1076 2356 1184 2404 autem
1209 2341 1340 2406 Lenor-

267 2483 360 2533 mant
384 2463 512 2532 abbae
537 2465 700 2531 sententia
726 2461 890 2541 discedit,
917 2487 1021 2555 quum
1047 2461 1151 2541 dicat,
1177 2485 1246 2527 non
1269 2485 1340 2528 om-

270 2613 330 2654 nes
356 2587 439 2655 deos
467 2587 612 2680 deasque
638 2587 697 2680 qui
721 2585 773 2653 vel
799 2611 892 2652 sacra
914 2587 951 2651 in
974 2609 1051 2654 arce
1078 2585 1263 2665 habebant,
1286 2583 1337 2651 rel

268 2733 413 2804 quorum
437 2709 564 2802 templa
579 2734 704 2803 pompa
721 2710 937 2803 praeteribat,
963 2709 1018 2776 hic
1043 2710 1200 2801 conspici.
1233 2711 1339 2776 Nemo

270 2835 371 2916 enim,
396 2833 650 2926 ntrexemplum
675 2832 830 2916 afferam,
858 2831 1052 2927 Apollinem
1075 2831 1230 2926 Pythium
1254 2834 1340 2896 inter

271 2959 422 3050 Zophori
444 2957 527 3025 deos
552 2958 703 3025 invenire
728 2975 859 3050 potest,
891 2957 952 3023 etsi
975 2955 1073 3022 huius
1099 2954 1155 3021 dei
1179 2954 1339 3049 templum

271 3105 431 3175 pompam
462 3099 745 3174 praetergressum
780 3104 851 3147 esse
881 3081 1002 3148 scimus
1024 3076 1078 3164 ¹9).
1134 3082 1252 3172 Itaque
1277 3081 1340 3146 Le-

271 3223 428 3272 normant
457 3204 663 3297 principales
697 3222 807 3272 terrae
832 3203 960 3271 Atticae
993 3201 1075 3269 deos
1109 3201 1272 3295 deasque,
1305 3219 1340 3267 ut

225 3396 229 3405 ,
268 3330 442 3396 Minervae
469 3320 704 3419 συνθρόνους,
730 3329 766 3392 in
789 3327 947 3419 Zsophoro
974 3327 1096 3393 effictos
1119 3315 1191 3392 esse
1220 3307 1339 3392 censet

268 3450 324 3518 Ad
346 3477 447 3544 quam
472 3451 667 3516 sententiam
692 3448 777 3516 nihil
804 3467 853 3516 est
875 3449 958 3542 quin
981 3448 1200 3529 accedamus,
1225 3451 1253 3514 si
1278 3450 1340 3514 Le-

270 3592 425 3641 normant
447 3563 611 3640 eosdeos
633 3571 790 3666 deasque·
807 3575 883 3666 qui,
917 3591 955 3639 ut
988 3569 1190 3666 σύνβρονοι
1214 3573 1341 3637 Miner-

270 3724 349 3779 vae,
385 3687 461 3764 cum
484 3693 720 3762 Panathenaeis
752 3685 892 3762 arctiore
927 3693 1079 3788 quodam¹
1099 3694 1232 3763 vinculo
1261 3718 1340 3760 con-

270 3821 374 3888 iuncti
400 3838 509 3899 erant,
544 3818 717 3889 intellexit.
776 3820 861 3886 Nam
892 3816 1097 3912 principales
1122 3836 1231 3884 terrae
1256 3817 1341 3882 Atti-

273 3970 330 4012 cae
362 3943 409 4009 dii
444 3944 543 4010 etiam
569 3969 652 4028 cum
673 3942 909 4009 Panathenaeis
941 3939 1190 4035 quodammodo
1224 3939 1344 4009 cohae-

314 4221 354 4293 ¹9)
375 4219 497 4273 Philostr.
516 4221 547 4272 V.
567 4219 697 4290 Sophistt.
718 4223 750 4286 Π,
773 4237 793 4285 r,
815 4223 839 4274 5.
857 4237 885 4290 p.
905 4223 964 4276 550.
983 4219 1070 4272 Olear.
