2906 4882
672 444 941 522 -1‘2'6-

265 676 364 750 'mum
390 673 461 717 esse
485 667 590 742 putat,
616 673 687 715 eam
699 649 877 732 Venerem,
903 670 1061 716 summam
1082 649 1210 718 Piraeei
1236 644 1347 728 deam,

274 793 377 842 vocat
441 771 512 841 Sed
537 771 620 865 quid
646 773 800 838 Piraeeus
828 797 903 841 eum
928 775 1163 842 Panatltenaeis
1188 773 1241 842 vel
1268 793 1347 838 cum

271 899 423 966 Minerva
443 895 602 964 Peliadel
633 897 700 962 nisi
731 895 816 964 sorte
841 899 1044 964 Lenormant
1073 899 1203 965 minora
1237 900 1348 964 Pana-

271 1025 415 1091 thenaea
446 1024 482 1088 in
505 1022 642 1090 Piraeeo
676 1019 843 1090 celebrata
870 1047 941 1091 esse
968 1023 1083 1092 eredit.
1146 1027 1254 1092 ltnmo
1284 1021 1347 1089 dls·
1434 1081 1435 1092 ,

273 1147 362 1214 licite
386 1146 487 1213 luerit
507 1144 611 1226 dictu,
638 1169 704 1238 qua
728 1147 856 1214 ratione
876 1143 993 1215 Venus
1017 1150 1091 1241 ipsa
1115 1147 1160 1214 ed
1183 1148 1347 1214 Panathe-

272 1295 357 1336 naea
382 1271 557 1363 pertineat,
584 1269 620 1334 iu
645 1269 765 1362 quibus
790 1267 882 1336 nulla
908 1269 1082 1338 sollemnia
1106 1261 1250 1338 inv'eniri
1269 1291 1348 1362 pes·

272 1411 350 1461 sunt
374 1417 460 1486 quae
484 1393 572 1460 hane
598 1390 695 1458 denm
716 1393 885 1485 attingant.
941 1393 1058 1487 Itaque
1081 1415 1186 1488 quiam
1214 1393 1348 1461 etmihi

269 1541 324 1584 res
354 1516 411 1582 illa
446 1541 546 1608 quam
579 1515 683 1609 figura
713 1539 813 1582 manu
850 1533 962 1597 tenet,
995 1517 1048 1584 fax
1080 1541 1152 1584 esee
1185 1515 1347 1594 videatur,
1434 1493 1435 1540 l

271 1641 343 1706 veri
370 1639 509 1707 similius
534 1655 606 1720 est,
644 1665 716 1705 eam
750 1637 934 1706 vocandam
968 1663 1039 1706 esse
1064 1639 1229 1722 Dlunam,
1265 1639 1348 1706 lueis
1434 1655 1435 1668 *

271 1763 378 1829 deam.
431 1739 502 1829 Cur
532 1763 623 1828 enim
654 1761 691 1826 in
715 1757 887 1829 Minervae
917 1761 1081 1830 honorem
1109 1755 1349 1857 lampadedro-

273 1887 357 1952 miae
382 1888 418 1950 in
442 1885 678 1951 Panathenaeis
701 1883 930 1972 habebantur,
966 1887 1030 1953 nisi
1055 1885 1148 1979 qued
1174 1889 1275 1954 etlam
1301 1886 1349 1952 lu·

272 2011 323 2076 eis
356 2007 421 2074 dea
457 2003 696 2104 (φώσφόρος)
719 2005 768 2093 ²¹)
798 2028 893 2093 erat3
930 2011 975 2075 ita
1015 2028 1053 2076 ut
1088 2009 1174 2076 hane
1207 2013 1349 2077 Dianam
1434 2025 1435 2040 ¹

271 2133 413 2201 fortusse
439 2133 625 2225 signifiare
650 2127 974 2225 lampadndrominm
996 2133 1274 2200 Panathenaieam
1300 2131 1350 2198 di*

275 2228 352 2322 rere
384 2257 482 2323 nobis
513 2255 620 2322 liceat
675 2255 831 2322 Attamen
861 2275 925 2348 pre
961 2274 1052 2324 nerto
1075 2256 1240 2323 affirmare
1265 2277 1350 2323 mm-

273 2405 373 2471 quam
394 2375 591 2472 poterimus,
618 2401 780 2471 quaenam
806 2379 849 2444 sit
873 2379 958 2444 haee
991 2377 1078 2446 deae
1110 2379 1216 2471 ligura
1231 2429 1241 2460 ,
1281 2401 1349 2445 om-

270 2503 365 2568 nium
390 2527 472 2594 ques
499 2503 676 2594 Zephorus
703 2501 849 2581 exhibet,
877 2498 1080 2582 difficillima,
1105 2507 1267 2595 q'uantum
1290 2523 1348 2594 ego

274 2623 398 2690 iudico.

371 2743 509 2812 Assidet
531 2744 611 2810 huic
633 2743 717 2812 deae
742 2745 786 2826 is,
823 2771 926 2839 quem
951 2745 1134 2814 Muellerus
1159 2733 1348 2815 Vulcanum

274 2888 373 2936 vocat
394 2886 427 2936 et
451 2869 654 2935 Lenerment
674 2865 882 2935 Mercurium
908 2895 979 2936 esse
1006 2888 1129 2938 censet.
1174 2871 1240 2955 Qui
1267 2869 1348 2936 deus
1434 2939 1435 2952 2

274 2994 427 3060 manibus
457 2993 579 3058 iuuetis
607 3015 695 3084 genu
725 2990 857 3058 laevum
888 2994 932 3059 ita
958 3007 1072 3074 tenet,
1104 3011 1139 3060 ut
1168 2994 1263 3086 signo
1291 2991 1347 3058 ille

277 3115 380 3184 clare
411 3114 509 3182 villae
546 3113 807 3194 Ludovisienae,
850 3116 903 3181 eni
938 3113 1037 3208 vulgo
1068 3137 1191 3182 nomeu
1221 3115 1349 3190 Martis,

277 3257 443 3332 perquem
464 3233 582 3302 similis
606 3238 668 3302 sin·
711 3233 764 3301 llli
795 3238 890 3329 signe
914 3236 1262 3305 Reoul-Roehettium
1289 3261 1349 3304 no-

273 3385 352 3428 men
388 3358 528 3428 Achillis
564 3358 706 3450 lugentis
738 3356 872 3425 dedisse
904 3357 1060 3441 'constan
1087 3377 1124 3427 et
1156 3379 1270 3428 nestro
1307 3359 1348 3426 eb
1434 3347 1435 3368 ¹

276 3483 423 3552 eundem
454 3481 603 3562 medum,
629 3505 696 3572 quo
721 3504 808 3572 genu
837 3483 990 3549 manibus
1013 3501 1126 3564 tenet,
1161 3479 1347 3550 Muellerus

180 3594 181 3598 Ἰ
274 3607 424 3675 Vulcani
440 3602 670 3714 numen'dare
696 3603 774 3672 vult
818 3606 862 3672 At
887 3608 961 3699 quis
985 3629 1054 3672 nen
1078 3605 1180 3688 videt,
1205 3605 1348 3675 Vulcani
1434 3641 1435 3660 r

277 3729 489 3796 clauditatem
513 3728 579 3795 hee
604 3725 706 3794 medo
732 3727 942 3821 minusapte
975 3728 1175 3820 significari?
1211 3727 1367 3796 'Deinde

277 3877 380 3948 quum
399 3853 442 3918 in
461 3851 685 3919 monumentis
712 3873 931 3943 qrraeenuque
957 3850 1146 3918 Vulcanum
1181 3876 1258 3918 eum
1284 3849 1347 3918 Mi-

273 4001 375 4044 nerva
403 3976 626 4068 eeninngtmt,
660 3972 742 4040 deus
775 3973 826 4038 vir
851 3974 1007 4041 barbatus
1041 3993 1225 4066 appareat,
1252 3969 1346 4040 -lraud

308 4245 355 4318 21)
373 4245 494 4298 Eustath.
516 4244 569 4302 Od.
592 4247 612 4295 l.
630 4261 656 4314 p.
679 4245 735 4313 ¹³4·
756 4243 811 4293 Bas,
876 4209 879 4218 .
