2906 4882
519 443 774 517 283-

102 660 175 724 εει,
204 641 248 709 ita
273 659 309 710 ut
334 658 404 710 non
430 641 551 724 finem,
579 643 649 710 sed‘
665 644 795 712 initium
822 641 994 726 curriculi,
1024 645 1066 714 ad
1092 643 1185 744 quod

107 791 267 835 cursores
291 748 522 847 reiertuntur,
545 766 716 858 significet
767 769 894 836 Verum
918 770 955 836 hi
979 795 1048 838 non
1080 772 1188 840 solum
1248 747 1252 754 Ι

102 890 216 958 semel
240 889 283 957 ad
308 891 438 958 initium
463 888 578 956 redire
598 889 762 972 videntur,
786 917 890 986 quum
916 917 1032 960 eorum
1055 899 1183 988 primus

103 1035 209 1082 crure
234 1012 363 1080 sublato
389 1013 576 1082 columnam
592 1014 660 1080 iam
685 1015 906 1106 superaverit,
933 1041 1046 1110 neque
1071 1033 1193 1088 tamen

104 1135 272 1206 currendi
293 1137 395 1204 finem
420 1137 524 1205 saciat.
584 1137 702 1229 Itaque
735 1154 912 1205 statuamus
945 1164 1084 1208 neeesse
1119 1162 1185 1223 est,

105 1285 230 1328 omnes
246 1260 307 1328 hos
333 1277 489 1354 quattuor
515 1283 666 1328 cursores
688 1262 809 1328 iterum
832 1287 870 1328 ao
887 1264 1017 1356 saepius
1043 1263 1189 1332 stadium

104 1407 257 1463 currere,
281 1382 374 1476 quod
392 1381 532 1476 quidem
554 1382 712 1450 currendi
736 1409 838 1477 genus
864 1403 1001 1453 vocatur
1017 1385 1194 1464 dolichos,

106 1509 204 1576 cuius
229 1529 383 1572 mensure
409 1505 677 1599 quattuordecim
703 1487 808 1574 stadia
833 1509 901 1575 sive
927 1527 1060 1602 septem
1091 1511 1186 1578 ‹lieu-

105 1631 160 1699 los
197 1629 335 1722 explere
368 1629 552 1698 rectissime
588 1629 795 1722 perhibetur.
827 1627 871 1716 ¹3)
929 1635 1046 1727 Itaque
1088 1636 1186 1702 etiam

105 1777 264 1823 cursores
298 1751 396 1818 huius
430 1754 513 1820 vasis
546 1751 649 1820 modo
688 1737 938 1833 commemorati
972 1759 1080 1822 minus
1114 1767 1193 1826 sese'

105 1879 264 1959 incitant,
290 1901 392 1970 quam
414 1877 479 1970 ,qui
504 1875 648 1943 stadium
671 1856 828 1958 hurrunt,
856 1881 934 1971 quia
968 1878 1188 1948 dolichodro-

104 2024 241 2069 morum
267 1999 370 2094 magis
396 2002 573 2081 intererat,
599 2018 636 2065 ut
661 2000 887 2068 incurrendo
912 2024 1186 2096 perseverarent,

106 2151 211 2222 quam
235 2141 272 2192 ut
293 2123 492 2194 velocissimi
514 2142 635 2190 essent.
792 2115 797 2122 ¹

115 2307 119 2314 -
207 2265 325 2357 Itaque
352 2287 455 2358 quum
482 2279 638 2355 quattuor
664 2285 815 2330 cursores
849 2287 867 2329 a
899 2261 990 2332 laeva
1028 2265 1071 2331 ad
1105 2263 1188 2332 dext

105 2409 194 2458 tram
220 2386 475 2467 stadiodromos,
502 2405 535 2454 et
560 2386 698 2453 totidem
724 2412 743 2451 a
760 2381 882 2452 'dextre
909 2387 951 2452 ad
969 2387 1095 2456 laevam
1112 2408 1186 2456 ten*

106 2515 228 2580 dentes
255 2507 529 2579 dolichodromols
556 2535 627 2577 esse
653 2529 831 2603 appareat:
864 2512 999 2577 tertium
1026 2513 1187 2579 eun-endi

105 2661 211 2732 genus
232 2651 394 2729 superest,
418 2636 455 2699 in
483 2657 548 2726 quo
575 2651 645 2700 tres
671 2631 722 2720 (ut
738 2636 773 2698 in
789 2630 958 2727 amphoris
973 2635 1060 2701 Mus.
1074 2638 1184 2703 Princ.

107 2743 190 2828 Can.
215 2753 516 2841 η.1430.1696),
543 2755 594 2821 vel
622 2758 771 2849 quinque
797 2757 897 2844 (utin
921 2759 1183 2851 amphora'eius-

107 2885 188 2952 dem
211 2883 320 2950 Musei
346 2907 379 2947 n.
403 2880 501 2960 ,1193
519 2877 563 2965 11)
592 2897 625 2945 et
647 2881 682 2944 in
708 2879 837 2947 duabus
865 2881 1070 2949 collectionis
1094 2885 1183 2950 Can-

107 3005 312 3091 delorianae)
336 3033 353 3071 a
377 3004 470 3071 laeva
492 3003 534 3070 ad
561 3004 710 3071 dextram
738 3021 910 3070 currentes
946 3009 1178 3099 conspicimus.

108 3135 172 3217 Qui
196 3129 353 3199 currendi
377 3127 506 3208 modus,
532 3117 733 3210 'cuihonten
753 3125 1046 3203 e1·atdiaulus,‘in
1062 3129 1179 3224 Olym-

109 3374 408 3393 mnu-unat·—

144 3519 187 3591 13)
207 3511 353 3568 Boeelhius
371 3513 482 3586 quidem
497 3512 568 3583 ((1.1.
587 3511 621 3564 ad
640 3529 666 3565 n.
681 3512 759 3583 1515)
772 3505 915 3564 ¹tlolichum
927 3511 1063 3579 vulgarent
1076 3517 1179 3578 septem

213 3603 361 3654 stadiorum
383 3618 442 3654 este
461 3600 626 3666 arbitratur,
647 3597 695 3651 sed
716 3616 799 3670 quum
820 3598 932 3668 δόλιχον
955 3599 1055 3652 ἵππιον
1072 3595 1179 3648 duode-

211 3676 262 3741 c'im
280 3688 324 3739 vel
341 3691 430 3758 potius
448 3688 544 3756 viginti
565 3694 694 3757 quattuor
714 3687 800 3738 stadia
818 3688 927 3756 explere
945 3687 1076 3745 sciamus,
1097 3683 1178 3733 facile

211 3773 388 3842 intelligitur,
406 3773 558 3825 cursoribus
576 3787 680 3842 semper
700 3791 714 3824 a
732 3771 785 3824 line
804 3771 988 3824 ed‘curriculi
1009 3771 1117 3821 initium
1136 3785 1179 3818 re·

207 3860 368 3912 vertendum
387 3877 457 3924 esse,
476 3862 539 3929 quia
558 3859 682 3912 dolichos
703 3861 842 3911 numerum
860 3858 1007 3910 stadiorum
1018 3872 1109 3926 parem
1122 3854 1179 3904 elli-

210 3931 258 4000 cte}
291 3946 352 4016 Qua
373 3961 405 3997 ex
424 3963 452 3997 re
473 3947 571 3998 coniici
588 3947 671 4011 licet,
693 3943 830 3999 dolichum
844 3941 981 4014 vulgarem
1000 3940 1178 4013 quattuorde-

209 4035 259 4086 cim
278 4033 424 4086 stadiorum
442 4032 544 4097 suisne,
560 4036 598 4085 ita
617 4044 648 4086 ut
665 4051 785 4086 cursores
804 4033 921 4088 stadium
941 4033 1041 4103 septies
1060 4031 1130 4081 ultro
1149 4037 1177 4077 et

212 4121 279 4170 citro
298 4127 443 4172 currerent.

144 4223 186 4291 14)
206 4222 284 4274 Edita
303 4224 330 4274 in
350 4223 421 4276 Mon.
442 4221 690 4274 ‹lelt·1nst·xxl1.
711 4223 736 4274 o.
754 4222 780 4273 b.
