2906 4882
538 425 781 492 ...87-

119 645 167 684 an
196 615 443 710 pancratiastis,
478 617 605 707 quippe
633 621 737 708 quum
763 611 1036 700 Ge1·hardum·²3)
1065 619 1122 709 qui
1150 641 1202 684 cas

119 760 298 808 enumerat
323 739 501 808 luctatores
522 765 540 804 a
566 741 795 832 pancratiastis
817 763 886 806 noo
911 741 955 806 ita
982 757 1133 806 accurate
1153 739 1205 806 di-

108 841 295 956 ¹stinguere
319 862 421 930 modo
448 861 638 930 viderimus.
688 863 816 928 Verum
842 863 903 928 tria
929 861 986 930 illa
1012 889 1096 944 vasa,
1122 888 1207 956 quo-

118 1013 204 1053 rum
226 985 311 1053 latus
339 1011 490 1054 aversum
521 1010 637 1052 revera
662 983 880 1052 luctatoribus
911 986 1102 1078 praeditum
1136 1011 1206 1054 esse

122 1109 284 1189 diximus,
310 1110 407 1176 huius
434 1111 625 1176 certaminis
652 1133 767 1176 scenas
791 1109 888 1176 nobis
906 1107 1096 1190 ostendunt,
1123 1135 1209 1202 quac

110 1253 162 1302 -et
185 1237 279 1326 ipsae
305 1233 487 1301 admodum
513 1237 601 1304 iuter
627 1259 663 1302 se
686 1234 862 1315 differunt,
889 1261 993 1328 quum
1021 1236 1084 1306 vel,
1104 1235 1209 1304 lucta-

123 1376 240 1437 torum
272 1357 355 1424 alter
387 1357 528 1424 alterum
558 1357 706 1425 medium
747 1360 902 1451 arripiat,
935 1377 971 1426 ut
1007 1360 1101 1426 humi
1134 1386 1212 1426 euru

123 1499 336 1574 prosternat,
362 1479 415 1548 vel
446 1480 530 1548 alter
555 1481 689 1548 alterius
714 1481 838 1548 collum
863 1481 1062 1574 prehendat
1119 1484 1212 1566 Quae
1270 1473 1274 1486 ’

126 1606 193 1672 tria
231 1629 306 1670 vasa
340 1605 452 1671 omnia
485 1622 622 1697 praeter
656 1607 748 1698 ipsos
787 1604 967 1672 luctatores
999 1607 1098 1672 etiam
1125 1607 1212 1673 viros

125 1727 288 1794 barbatos
314 1725 481 1819 pellisque
507 1727 660 1810 indutos,
681 1731 740 1822 qui
767 1729 969 1796 certantibus
992 1728 1122 1806 adstant
1143 1754 1213 1794 ma-

125 1876 245 1943 nuque
270 1852 396 1943 virgam
422 1848 569 1942 desuper
593 1851 703 1918 fissam
736 1871 865 1934 tenent,
898 1851 1095 1934 ostendunt,
1128 1877 1213 1946 quos
1276 1914 1278 1928 ,

127 1976 218 2042 viros
252 1974 518 2067 mastigophoros
552 1999 623 2040 esse
656 1999 797 2056 censeo,
830 2000 900 2043 non
932 1971 1212 2060 arhlothetasu),

129 2099 262 2190 quippe
289 2122 393 2190 quum
416 2097 478 2164 hos
506 2121 575 2164 non
599 2097 751 2177 deceret,
778 2097 915 2166 athletas
943 2101 1034 2191 virga
1062 2099 1213 2180 caedere,

128 2220 168 2287 id
195 2219 287 2312 quod
316 2223 351 2284 in
376 2221 500 2312 pateris
527 2220 698 2286 nonnullis
725 2245 831 2296 scena,
846 2219 1043 2312 palaestrica
1069 2221 1212 2314 depictis

130 2345 348 2435 conspicitur.
400 2344 516 2436 Itaque
546 2368 601 2410 eos
629 2345 740 2436 potius
767 2342 964 2412 athlothetas
998 2368 1069 2411 esse
1102 2343 1213 2410 credi-

126 2493 224 2549 mus,
259 2469 317 2559 qui
345 2469 516 2534 certamini
543 2466 711 2534 adstantes
738 2463 859 2534 baculo
890 2467 1096 2548 innituntur,
1129 2467 1214 2558 figu-

125 2617 185 2658 rae
213 2591 301 2682 euij
328 2589 427 2656 sellae
457 2590 640 2658 insidentes
669 2616 754 2684 quae
780 2592 890 2658 minus
914 2616 1016 2682 saepe
1045 2591 1098 2656 his
1124 2589 1214 2656 ludis

128 2716 312 2794 intersunt,
335 2713 517 2778 brabeutae
545 2739 615 2780 esse
641 2713 806 2780 videntur.

146 2903 152 2912 ,
231 2837 270 2902 In
296 2835 371 2902 festi
396 2838 504 2902 nostri
536 2838 771 2902 certaminibus
804 2835 1019 2902 luctationem
1050 2837 1214 2928 sequeba-

132 2979 187 3026 tur
209 2960 402 3050 pugnatio,
429 2960 521 3024 cuius
547 2960 596 3024 rei
622 2961 731 3026 minus
761 2957 884 3024 multae
911 2983 1030 3024 scenae
1063 2959 1099 3024 in
1131 2961 1214 3038 vasis

131 3084 383 3150 Panathenaicis
407 3083 506 3165 uobis
533 3099 720 3173 supersunt
771 3080 935 3148 Videmus
953 3084 1051 3158 ¹enim
1076 3084 1112 3148 in
1145 3107 1215 3150 am-

133 3207 243 3298 phora
280 3206 486 3277 collectionis
519 3205 801 3296 Campanarianae
834 3203 917 3275 duos
936 3204 1103 3298 pugiles,
1138 3207 1215 3298 qui,

138 3354 242 3420 quum
264 3308 347 3396 alter
372 3328 479 3396 alteri'
495 3331 669 3421 oppositus
705 3330 762 3408 sit,
793 3329 915 3420 pugnis
950 3347 1095 3408 certant,
1130 3354 1215 3419 quae

131 3453 336 3534 vscena,qui
360 3453 627 3544 mastigoplrorus
654 3450 784 3518 adstare
809 3450 1038 3542 solet,⁶etiam
1068 3453 1104 3516 iu
1135 3450 1217 3516 dua·
1264 3439 1265 3442 Ἴ
1300 3515 1306 3528 ,

139 3576 203 3640 hus
244 3576 413 3665 amplioris
453 3574 638 3641 minoribus
679 3573 903 3663 conspicitur,
942 3597 1082 3670 quarum
1117 3572 1218 3640 altera

141 3745 404 3760 m·-

178 3871 222 3938 aa)
243 3869 310 3919 lbid.
329 3884 426 3937 paro,
453 3871 492 3920 ιδ.
511 3884 570 3928 aar,
590 3887 612 3922 c.
635 3872 694 3929 223,
715 3885 738 3934 7·
758 3871 782 3921 8.
802 3866 861 3932 ”lu
885 3871 923 3934 ¹4·
947 3871 985 3921 15.

179 3958 227 4025 al)
249 3955 340 4006 Liceat
360 3954 426 4004 milri
446 3955 501 4006 alio
523 3955 582 4004 loco
602 3971 746 4023 quaerere,
768 3962 857 4031 utrum
874 3951 1018 4006 discrimen
1047 3956 1082 4005 sit
1100 3963 1223 4009 statuen-

249 4041 313 4092 ‹lum
338 4043 408 4092 inter
434 4038 614 4093 atlrlotlretam
643 4049 670 4092 et
699 4040 904 4108 agonothetam,
933 4057 1027 4092 necne.
1065 4041 1223 4094 Athlotlreta

246 4127 355 4195 nitidem
376 4127 540 4178 vocabulum
563 4137 590 4179 et
607 4129 688 4180 titulo
710 4127 903 4178 Choiseuliano
928 4130 968 4196 (C.
989 4131 1008 4179 l.
1027 4145 1054 4178 n.
1076 4131 1131 4200 ιφ).
1155 4140 1225 4200 pryt.

245 4215 281 4285 11)
302 4223 329 4268 et
350 4216 409 4267 loro
428 4214 543 4266 Pollucis
561 4215 645 4282 (vill,
664 4217 710 4285 93)
728 4214 866 4283 probatur.
