<?xml version="1.0" encoding="UTF-8"?>
<!DOCTYPE html PUBLIC "-//W3C//DTD XHTML 1.0 Transitional//EN"
    "http://www.w3.org/TR/xhtml1/DTD/xhtml1-transitional.dtd">
<html xmlns="http://www.w3.org/1999/xhtml" xml:lang="en" lang="en">
 <head>
  <title>
</title>
<meta http-equiv="Content-Type" content="text/html;charset=utf-8" />
  <meta name='ocr-system' content='tesseract 3.04.00' />
  <meta name='ocr-capabilities' content='ocr_page ocr_carea ocr_par ocr_line ocrx_word'/>
</head>
<body>
  <div class='ocr_page' id='page_1' title='image "./panathenaica01muelgoog_0123.png"; bbox 0 0 2906 4882; ppageno 0'>
   <div class='ocr_carea' id='block_1_1' title="bbox 585 425 962 490">
    <p class='ocr_par' dir='ltr' id='par_1_1' title="bbox 585 425 962 490">
     <span class='ocr_line' id='line_1_1' title="bbox 585 425 962 490; baseline 0.005 -2"><span class='ocrx_word' id='word_1_1' title='bbox 585 425 962 490; x_wconf 81' lang='lat'>--110-</span> 
     </span>
    </p>
   </div>
   <div class='ocr_carea' id='block_1_2' title="bbox 281 614 1359 708">
    <p class='ocr_par' dir='ltr' id='par_1_2' title="bbox 281 614 1359 708">
     <span class='ocr_line' id='line_1_2' title="bbox 281 614 1359 708; baseline 0.006 -26"><span class='ocrx_word' id='word_1_2' title='bbox 281 617 384 684; x_wconf 85' lang='lat' dir='ltr'><strong>luisse</strong></span> <span class='ocrx_word' id='word_1_3' title='bbox 408 614 587 683; x_wconf 81' lang='lat' dir='ltr'><strong>rideamus.</strong></span> <span class='ocrx_word' id='word_1_4' title='bbox 638 618 729 699; x_wconf 87' lang='lat' dir='ltr'><strong>Quin</strong></span> <span class='ocrx_word' id='word_1_5' title='bbox 757 619 856 708; x_wconf 75' lang='lat' dir='ltr'><strong>etiam</strong></span> <span class='ocrx_word' id='word_1_6' title='bbox 890 617 934 683; x_wconf 89' lang='lat' dir='ltr'><strong>ad</strong></span> <span class='ocrx_word' id='word_1_7' title='bbox 969 617 1232 686; x_wconf 79' lang='lat' dir='ltr'><strong>confirmandam</strong></span> <span class='ocrx_word' id='word_1_8' title='bbox 1269 620 1359 688; x_wconf 86' lang='lat' dir='ltr'><strong>illam</strong></span> 
     </span>
    </p>
   </div>
   <div class='ocr_carea' id='block_1_3' title="bbox 168 739 1432 1698">
    <p class='ocr_par' dir='ltr' id='par_1_3' title="bbox 168 739 1432 1698">
     <span class='ocr_line' id='line_1_3' title="bbox 280 739 1360 834; baseline 0.003 -26"><span class='ocrx_word' id='word_1_9' title='bbox 280 741 479 808; x_wconf 86' lang='lat' dir='ltr'><strong>seutentiam</strong></span> <span class='ocrx_word' id='word_1_10' title='bbox 505 766 524 804; x_wconf 85' lang='lat' dir='ltr'><strong>a</strong></span> <span class='ocrx_word' id='word_1_11' title='bbox 548 739 646 805; x_wconf 76' lang='lat' dir='ltr'><strong>uoltis</strong></span> <span class='ocrx_word' id='word_1_12' title='bbox 668 744 875 833; x_wconf 77' lang='lat' dir='ltr'><strong>propositam</strong></span> <span class='ocrx_word' id='word_1_13' title='bbox 899 744 1010 834; x_wconf 84' lang='lat' dir='ltr'><strong>magni</strong></span> <span class='ocrx_word' id='word_1_14' title='bbox 1031 746 1189 808; x_wconf 87' lang='lat' dir='ltr'><strong>momenti</strong></span> <span class='ocrx_word' id='word_1_15' title='bbox 1216 769 1294 810; x_wconf 86' lang='lat' dir='ltr'><strong>csse</strong></span> <span class='ocrx_word' id='word_1_16' title='bbox 1314 750 1360 812; x_wconf 78' lang='lat' dir='ltr'><strong>vi·</strong></span> 
     </span>
     <span class='ocr_line' id='line_1_4' title="bbox 278 861 1358 958; baseline 0.002 -26"><span class='ocrx_word' id='word_1_17' title='bbox 278 863 397 944; x_wconf 87' lang='lat' dir='ltr'><strong>detur,</strong></span> <span class='ocrx_word' id='word_1_18' title='bbox 428 861 523 957; x_wconf 87' lang='lat' dir='ltr'><strong>quod</strong></span> <span class='ocrx_word' id='word_1_19' title='bbox 546 865 582 928; x_wconf 91' lang='lat' dir='ltr'><strong>in</strong></span> <span class='ocrx_word' id='word_1_20' title='bbox 607 887 682 929; x_wconf 81' lang='lat' dir='ltr'><strong>vase</strong></span> <span class='ocrx_word' id='word_1_21' title='bbox 708 863 855 956; x_wconf 83' lang='lat' dir='ltr'><strong>quodam</strong></span> <span class='ocrx_word' id='word_1_22' title='bbox 879 865 1065 931; x_wconf 78' lang='lat' dir='ltr'><strong>invenimus</strong></span> <span class='ocrx_word' id='word_1_23' title='bbox 1090 868 1358 958; x_wconf 79' lang='lat' dir='ltr'><strong>inscriptionem:</strong></span> 
     </span>
     <span class='ocr_line' id='line_1_5' title="bbox 168 975 1356 1084; baseline 0.003 -31"><span class='ocrx_word' id='word_1_24' title='bbox 168 1068 171 1072; x_wconf 21' lang='grc' dir='ltr'>Ι</span> <span class='ocrx_word' id='word_1_25' title='bbox 277 975 501 1077; x_wconf 75' lang='grc' dir='ltr'><strong><em>Ἀκαμαντίς</em></strong></span> <span class='ocrx_word' id='word_1_26' title='bbox 524 978 627 1055; x_wconf 68' lang='grc' dir='ltr'><strong><em>ἐνίκα</em></strong></span> <span class='ocrx_word' id='word_1_27' title='bbox 650 984 751 1082; x_wconf 77' lang='grc' dir='ltr'><strong>φυλή</strong></span> <span class='ocrx_word' id='word_1_28' title='bbox 770 978 822 1077; x_wconf 86' lang='lat'><strong>⁶),</strong></span> <span class='ocrx_word' id='word_1_29' title='bbox 851 989 896 1054; x_wconf 79' lang='lat' dir='ltr'><strong>ita</strong></span> <span class='ocrx_word' id='word_1_30' title='bbox 931 1007 968 1054; x_wconf 86' lang='lat' dir='ltr'><strong>nt</strong></span> <span class='ocrx_word' id='word_1_31' title='bbox 1001 989 1139 1054; x_wconf 84' lang='lat' dir='ltr'><strong>victoria</strong></span> <span class='ocrx_word' id='word_1_32' title='bbox 1170 991 1273 1056; x_wconf 81' lang='lat' dir='ltr'><strong>etim</strong></span> <span class='ocrx_word' id='word_1_33' title='bbox 1294 993 1356 1084; x_wconf 82' lang='lat' dir='ltr'><strong>ipsi</strong></span> 
     </span>
     <span class='ocr_line' id='line_1_6' title="bbox 278 1107 1354 1189; baseline 0.002 -11"><span class='ocrx_word' id='word_1_34' title='bbox 278 1108 381 1178; x_wconf 80' lang='lat' dir='ltr'><strong>tribui</strong></span> <span class='ocrx_word' id='word_1_35' title='bbox 406 1107 498 1176; x_wconf 90' lang='lat' dir='ltr'><strong>unde</strong></span> <span class='ocrx_word' id='word_1_36' title='bbox 522 1113 630 1184; x_wconf 72' lang='lat' dir='ltr'><strong>viceor</strong></span> <span class='ocrx_word' id='word_1_37' title='bbox 654 1129 747 1178; x_wconf 86' lang='lat' dir='ltr'><strong>ortos</strong></span> <span class='ocrx_word' id='word_1_38' title='bbox 769 1129 849 1189; x_wconf 82' lang='lat' dir='ltr'><strong>erut,</strong></span> <span class='ocrx_word' id='word_1_39' title='bbox 876 1110 1133 1178; x_wconf 75' lang='lat' dir='ltr'><strong>adscriberetur.</strong></span> <span class='ocrx_word' id='word_1_40' title='bbox 1159 1147 1212 1161; x_wconf 95' lang='lat'>-</span> <span class='ocrx_word' id='word_1_41' title='bbox 1231 1116 1354 1182; x_wconf 81' lang='lat' dir='ltr'><strong>Veron</strong></span> 
     </span>
     <span class='ocr_line' id='line_1_7' title="bbox 277 1231 1355 1328; baseline 0.001 -27"><span class='ocrx_word' id='word_1_42' title='bbox 277 1231 450 1301; x_wconf 80' lang='lat' dir='ltr'><strong>audiamus</strong></span> <span class='ocrx_word' id='word_1_43' title='bbox 473 1234 542 1300; x_wconf 75' lang='lat' dir='ltr'><strong>iam</strong></span> <span class='ocrx_word' id='word_1_44' title='bbox 562 1233 722 1300; x_wconf 81' lang='lat' dir='ltr'><strong>Muelleri</strong></span> <span class='ocrx_word' id='word_1_45' title='bbox 748 1237 945 1302; x_wconf 86' lang='lat' dir='ltr'><strong>sententiam</strong></span> <span class='ocrx_word' id='word_1_46' title='bbox 977 1260 1078 1328; x_wconf 82' lang='lat' dir='ltr'><strong>quam</strong></span> <span class='ocrx_word' id='word_1_47' title='bbox 1108 1233 1155 1308; x_wconf 83' lang='lat' dir='ltr'><strong>de¹</strong></span> <span class='ocrx_word' id='word_1_48' title='bbox 1185 1235 1240 1302; x_wconf 78' lang='lat' dir='ltr'><strong>lais</strong></span> <span class='ocrx_word' id='word_1_49' title='bbox 1264 1236 1355 1302; x_wconf 80' lang='lat' dir='ltr'><strong>femi·</strong></span> 
     </span>
     <span class='ocr_line' id='line_1_8' title="bbox 274 1335 1355 1452; baseline 0.002 -28"><span class='ocrx_word' id='word_1_50' title='bbox 274 1359 328 1424; x_wconf 86' lang='lat' dir='ltr'><strong>nis</strong></span> <span class='ocrx_word' id='word_1_51' title='bbox 352 1355 430 1425; x_wconf 76' lang='lat' dir='ltr'><strong>ulit</strong></span> <span class='ocrx_word' id='word_1_52' title='bbox 448 1353 489 1442; x_wconf 75' lang='lat'><strong>²).</strong></span> <span class='ocrx_word' id='word_1_53' title='bbox 556 1357 622 1441; x_wconf 88' lang='lat' dir='ltr'><strong>Qui</strong></span> <span class='ocrx_word' id='word_1_54' title='bbox 648 1335 787 1451; x_wconf 75' lang='lat' dir='ltr'><strong>qriidem</strong></span> <span class='ocrx_word' id='word_1_55' title='bbox 808 1359 850 1426; x_wconf 85' lang='lat' dir='ltr'><strong>V·</strong></span> <span class='ocrx_word' id='word_1_56' title='bbox 876 1359 918 1426; x_wconf 90' lang='lat' dir='ltr'><strong>D.</strong></span> <span class='ocrx_word' id='word_1_57' title='bbox 940 1381 1100 1452; x_wconf 79' lang='lat' dir='ltr'><strong>pompam</strong></span> <span class='ocrx_word' id='word_1_58' title='bbox 1116 1383 1260 1452; x_wconf 62' lang='lat' dir='ltr'><strong>‚semper</strong></span> <span class='ocrx_word' id='word_1_59' title='bbox 1285 1377 1355 1426; x_wconf 84' lang='lat' dir='ltr'><strong>ante</strong></span> 
     </span>
     <span class='ocr_line' id='line_1_9' title="bbox 275 1467 1432 1576; baseline 0 -28"><span class='ocrx_word' id='word_1_60' title='bbox 275 1479 384 1548; x_wconf 79' lang='lat' dir='ltr'><strong>ludos</strong></span> <span class='ocrx_word' id='word_1_61' title='bbox 404 1482 577 1576; x_wconf 84' lang='lat' dir='ltr'><strong>gymnicos</strong></span> <span class='ocrx_word' id='word_1_62' title='bbox 607 1482 645 1546; x_wconf 90' lang='lat' dir='ltr'><strong>in</strong></span> <span class='ocrx_word' id='word_1_63' title='bbox 668 1475 957 1566; x_wconf 80' lang='lat' dir='ltr'><strong>Panatheoaeis⁸)</strong></span> <span class='ocrx_word' id='word_1_64' title='bbox 989 1480 1125 1550; x_wconf 84' lang='lat' dir='ltr'><strong>ductam</strong></span> <span class='ocrx_word' id='word_1_65' title='bbox 1157 1507 1231 1548; x_wconf 84' lang='lat' dir='ltr'><strong>esse</strong></span> <span class='ocrx_word' id='word_1_66' title='bbox 1265 1481 1354 1564; x_wconf 80' lang='lat' dir='ltr'><strong>dicit,</strong></span> <span class='ocrx_word' id='word_1_67' title='bbox 1426 1467 1432 1478; x_wconf 67' lang='grc'><strong>’</strong></span> 
     </span>
     <span class='ocr_line' id='line_1_10' title="bbox 276 1605 1353 1698; baseline 0.002 -28"><span class='ocrx_word' id='word_1_68' title='bbox 276 1606 391 1697; x_wconf 82' lang='lat' dir='ltr'><strong>itaque</strong></span> <span class='ocrx_word' id='word_1_69' title='bbox 403 1606 588 1672; x_wconf 75' lang='lat' dir='ltr'><strong>Victoriam</strong></span> <span class='ocrx_word' id='word_1_70' title='bbox 609 1605 645 1670; x_wconf 90' lang='lat' dir='ltr'><strong>in</strong></span> <span class='ocrx_word' id='word_1_71' title='bbox 664 1629 765 1669; x_wconf 89' lang='lat' dir='ltr'><strong>enrrn</strong></span> <span class='ocrx_word' id='word_1_72' title='bbox 777 1607 867 1670; x_wconf 82' lang='lat' dir='ltr'><strong>iuxta</strong></span> <span class='ocrx_word' id='word_1_73' title='bbox 879 1605 1040 1670; x_wconf 82' lang='lat' dir='ltr'><strong>victorem</strong></span> <span class='ocrx_word' id='word_1_74' title='bbox 1060 1623 1146 1672; x_wconf 85' lang='lat' dir='ltr'><strong>stare</strong></span> <span class='ocrx_word' id='word_1_75' title='bbox 1159 1630 1230 1672; x_wconf 93' lang='lat' dir='ltr'><strong>non</strong></span> <span class='ocrx_word' id='word_1_76' title='bbox 1245 1628 1353 1698; x_wconf 80' lang='lat' dir='ltr'><strong>posse,</strong></span> 
     </span>
    </p>
   </div>
   <div class='ocr_carea' id='block_1_4' title="bbox 272 1726 1353 2808">
    <p class='ocr_par' dir='ltr' id='par_1_4' title="bbox 272 1726 1353 2808">
     <span class='ocr_line' id='line_1_11' title="bbox 275 1726 1353 1820; baseline 0 -26"><span class='ocrx_word' id='word_1_77' title='bbox 275 1729 354 1820; x_wconf 87' lang='lat' dir='ltr'><strong>quia</strong></span> <span class='ocrx_word' id='word_1_78' title='bbox 374 1753 475 1794; x_wconf 89' lang='lat' dir='ltr'><strong>nemo</strong></span> <span class='ocrx_word' id='word_1_79' title='bbox 500 1726 611 1794; x_wconf 70' lang='lat' dir='ltr'><strong>adhuc</strong></span> <span class='ocrx_word' id='word_1_80' title='bbox 635 1729 762 1794; x_wconf 80' lang='lat' dir='ltr'><strong>vicerit.</strong></span> <span class='ocrx_word' id='word_1_81' title='bbox 808 1727 882 1792; x_wconf 85' lang='lat' dir='ltr'><strong>Hoc</strong></span> <span class='ocrx_word' id='word_1_82' title='bbox 911 1727 1065 1808; x_wconf 80' lang='lat' dir='ltr'><strong>credens,</strong></span> <span class='ocrx_word' id='word_1_83' title='bbox 1089 1727 1278 1796; x_wconf 79' lang='lat' dir='ltr'><strong>Muellerus</strong></span> <span class='ocrx_word' id='word_1_84' title='bbox 1298 1731 1353 1794; x_wconf 82' lang='lat' dir='ltr'><strong>has</strong></span> 
     </span>
     <span class='ocr_line' id='line_1_12' title="bbox 274 1843 1353 1941; baseline 0.003 -25"><span class='ocrx_word' id='word_1_85' title='bbox 274 1850 414 1916; x_wconf 82' lang='lat' dir='ltr'><strong>luminas</strong></span> <span class='ocrx_word' id='word_1_86' title='bbox 440 1851 641 1918; x_wconf 79' lang='lat' dir='ltr'><strong>Certaminis</strong></span> <span class='ocrx_word' id='word_1_87' title='bbox 666 1847 746 1916; x_wconf 78' lang='lat' dir='ltr'><strong>deas</strong></span> <span class='ocrx_word' id='word_1_88' title='bbox 768 1843 975 1941; x_wconf 68' lang='grc' dir='ltr'>(Ἃμλλλας)</span> <span class='ocrx_word' id='word_1_89' title='bbox 1001 1877 1073 1918; x_wconf 84' lang='lat' dir='ltr'><strong>esse</strong></span> <span class='ocrx_word' id='word_1_90' title='bbox 1099 1870 1222 1918; x_wconf 82' lang='lat' dir='ltr'><strong>censet.</strong></span> <span class='ocrx_word' id='word_1_91' title='bbox 1256 1851 1353 1918; x_wconf 83' lang='lat' dir='ltr'><strong>Unde</strong></span> 
     </span>
     <span class='ocr_line' id='line_1_13' title="bbox 274 1973 1352 2067; baseline 0.006 -29"><span class='ocrx_word' id='word_1_92' title='bbox 274 1991 385 2041; x_wconf 84' lang='lat' dir='ltr'><strong>autem</strong></span> <span class='ocrx_word' id='word_1_93' title='bbox 408 1973 450 2040; x_wconf 88' lang='lat' dir='ltr'><strong>V.</strong></span> <span class='ocrx_word' id='word_1_94' title='bbox 463 1975 506 2039; x_wconf 87' lang='lat' dir='ltr'><strong>D.</strong></span> <span class='ocrx_word' id='word_1_95' title='bbox 533 1974 687 2054; x_wconf 78' lang='lat' dir='ltr'><strong>coniecit,</strong></span> <span class='ocrx_word' id='word_1_96' title='bbox 710 1995 871 2067; x_wconf 86' lang='lat' dir='ltr'><strong>pompam</strong></span> <span class='ocrx_word' id='word_1_97' title='bbox 896 1992 972 2040; x_wconf 88' lang='lat' dir='ltr'><strong>ante</strong></span> <span class='ocrx_word' id='word_1_98' title='bbox 996 1974 1095 2042; x_wconf 88' lang='lat' dir='ltr'><strong>ludos</strong></span> <span class='ocrx_word' id='word_1_99' title='bbox 1118 1977 1155 2040; x_wconf 92' lang='lat' dir='ltr'><strong>in</strong></span> <span class='ocrx_word' id='word_1_100' title='bbox 1178 1975 1245 2042; x_wconf 82' lang='lat' dir='ltr'><strong>hoe</strong></span> <span class='ocrx_word' id='word_1_101' title='bbox 1272 1975 1352 2044; x_wconf 81' lang='lat' dir='ltr'><strong>sesto</strong></span> 
     </span>
     <span class='ocr_line' id='line_1_14' title="bbox 274 2077 1353 2191; baseline 0.001 -27"><span class='ocrx_word' id='word_1_102' title='bbox 274 2077 410 2164; x_wconf 75' lang='lat' dir='ltr'><strong>ductam</strong></span> <span class='ocrx_word' id='word_1_103' title='bbox 434 2121 506 2164; x_wconf 88' lang='lat' dir='ltr'><strong>esse</strong></span> <span class='ocrx_word' id='word_1_104' title='bbox 523 2096 551 2163; x_wconf 66' lang='lat' dir='ltr'><strong>i⁴</strong></span> <span class='ocrx_word' id='word_1_105' title='bbox 589 2097 695 2164; x_wconf 90' lang='lat' dir='ltr'><strong>Immo</strong></span> <span class='ocrx_word' id='word_1_106' title='bbox 721 2121 763 2162; x_wconf 85' lang='lat' dir='ltr'><strong>ex</strong></span> <span class='ocrx_word' id='word_1_107' title='bbox 786 2099 916 2164; x_wconf 84' lang='lat' dir='ltr'><strong>ratione</strong></span> <span class='ocrx_word' id='word_1_108' title='bbox 946 2101 1108 2191; x_wconf 81' lang='lat' dir='ltr'><strong>temporis</strong></span> <span class='ocrx_word' id='word_1_109' title='bbox 1135 2098 1271 2166; x_wconf 87' lang='lat' dir='ltr'><strong>dierum</strong></span> <span class='ocrx_word' id='word_1_110' title='bbox 1292 2104 1353 2166; x_wconf 85' lang='lat' dir='ltr'><strong>Pa·</strong></span> 
     </span>
     <span class='ocr_line' id='line_1_15' title="bbox 272 2220 1352 2315; baseline 0.002 -29"><span class='ocrx_word' id='word_1_111' title='bbox 272 2221 468 2288; x_wconf 83' lang='lat' dir='ltr'><strong>nathenaeis</strong></span> <span class='ocrx_word' id='word_1_112' title='bbox 494 2239 783 2303; x_wconf 64' lang='lat' dir='ltr'><strong>consecutorum,</strong></span> <span class='ocrx_word' id='word_1_113' title='bbox 814 2247 915 2314; x_wconf 84' lang='lat' dir='ltr'><strong>quem</strong></span> <span class='ocrx_word' id='word_1_114' title='bbox 948 2247 1048 2315; x_wconf 78' lang='lat' dir='ltr'><strong>supra</strong></span> <span class='ocrx_word' id='word_1_115' title='bbox 1067 2220 1099 2306; x_wconf 87' lang='grc'><strong>9)</strong></span> <span class='ocrx_word' id='word_1_116' title='bbox 1132 2221 1352 2302; x_wconf 79' lang='lat' dir='ltr'><strong>reddidimus,</strong></span> 
     </span>
     <span class='ocr_line' id='line_1_16' title="bbox 273 2342 1352 2437; baseline -0.001 -26"><span class='ocrx_word' id='word_1_117' title='bbox 273 2345 350 2411; x_wconf 80' lang='lat' dir='ltr'><strong>satis</strong></span> <span class='ocrx_word' id='word_1_118' title='bbox 375 2343 554 2437; x_wconf 68' lang='lat' dir='ltr'><strong>probabile</strong></span> <span class='ocrx_word' id='word_1_119' title='bbox 580 2361 654 2425; x_wconf 80' lang='lat' dir='ltr'><strong>est,</strong></span> <span class='ocrx_word' id='word_1_120' title='bbox 690 2369 853 2437; x_wconf 87' lang='lat' dir='ltr'><strong>pompam</strong></span> <span class='ocrx_word' id='word_1_121' title='bbox 884 2345 1001 2413; x_wconf 86' lang='lat' dir='ltr'><strong>ultimo</strong></span> <span class='ocrx_word' id='word_1_122' title='bbox 1037 2345 1112 2411; x_wconf 85' lang='lat' dir='ltr'><strong>sesti</strong></span> <span class='ocrx_word' id='word_1_123' title='bbox 1137 2342 1193 2411; x_wconf 88' lang='lat' dir='ltr'><strong>die</strong></span> <span class='ocrx_word' id='word_1_124' title='bbox 1221 2346 1352 2413; x_wconf 87' lang='lat' dir='ltr'><strong>ductam</strong></span> 
     </span>
     <span class='ocr_line' id='line_1_17' title="bbox 272 2449 1350 2561; baseline 0.003 -28"><span class='ocrx_word' id='word_1_125' title='bbox 272 2449 361 2548; x_wconf 80' lang='lat' dir='ltr'><strong>esse,</strong></span> <span class='ocrx_word' id='word_1_126' title='bbox 392 2491 479 2560; x_wconf 81' lang='lat' dir='ltr'><strong>qnae</strong></span> <span class='ocrx_word' id='word_1_127' title='bbox 511 2493 569 2560; x_wconf 72' lang='lat' dir='ltr'><strong>res</strong></span> <span class='ocrx_word' id='word_1_128' title='bbox 594 2469 695 2534; x_wconf 83' lang='lat' dir='ltr'><strong>etiarn</strong></span> <span class='ocrx_word' id='word_1_129' title='bbox 718 2469 792 2560; x_wconf 89' lang='lat' dir='ltr'><strong>ipsa</strong></span> <span class='ocrx_word' id='word_1_130' title='bbox 816 2491 962 2560; x_wconf 79' lang='lat' dir='ltr'><strong>pompa,</strong></span> <span class='ocrx_word' id='word_1_131' title='bbox 1001 2467 1108 2561; x_wconf 80' lang='lat' dir='ltr'><strong>qualis</strong></span> <span class='ocrx_word' id='word_1_132' title='bbox 1129 2471 1165 2534; x_wconf 91' lang='lat' dir='ltr'><strong>in</strong></span> <span class='ocrx_word' id='word_1_133' title='bbox 1192 2469 1350 2561; x_wconf 79' lang='lat' dir='ltr'><strong>Zophoro</strong></span> 
     </span>
     <span class='ocr_line' id='line_1_18' title="bbox 275 2589 1351 2684; baseline 0.003 -30"><span class='ocrx_word' id='word_1_134' title='bbox 275 2589 382 2654; x_wconf 85' lang='lat' dir='ltr'><strong>efficta</strong></span> <span class='ocrx_word' id='word_1_135' title='bbox 412 2605 481 2670; x_wconf 89' lang='lat' dir='ltr'><strong>est,</strong></span> <span class='ocrx_word' id='word_1_136' title='bbox 514 2590 754 2670; x_wconf 71' lang='lat' dir='ltr'><strong>confirmatum,</strong></span> <span class='ocrx_word' id='word_1_137' title='bbox 794 2615 897 2682; x_wconf 83' lang='lat' dir='ltr'><strong>quum</strong></span> <span class='ocrx_word' id='word_1_138' title='bbox 925 2589 1099 2658; x_wconf 82' lang='lat' dir='ltr'><strong>sollemnia</strong></span> <span class='ocrx_word' id='word_1_139' title='bbox 1130 2616 1351 2684; x_wconf 84' lang='lat' dir='ltr'><strong>quaecunque</strong></span> 
     </span>
     <span class='ocr_line' id='line_1_19' title="bbox 272 2711 1352 2808; baseline 0.006 -34"><span class='ocrx_word' id='word_1_140' title='bbox 272 2712 307 2776; x_wconf 87' lang='lat' dir='ltr'><strong>iu</strong></span> <span class='ocrx_word' id='word_1_141' title='bbox 334 2711 574 2778; x_wconf 82' lang='lat' dir='ltr'><strong>Panathenaeis</strong></span> <span class='ocrx_word' id='word_1_142' title='bbox 595 2712 822 2793; x_wconf 78' lang='lat' dir='ltr'><strong>habebantur,</strong></span> <span class='ocrx_word' id='word_1_143' title='bbox 857 2717 1079 2808; x_wconf 81' lang='lat' dir='ltr'><strong>spectantium</strong></span> <span class='ocrx_word' id='word_1_144' title='bbox 1105 2713 1211 2782; x_wconf 88' lang='lat' dir='ltr'><strong>oculis</strong></span> <span class='ocrx_word' id='word_1_145' title='bbox 1238 2715 1352 2781; x_wconf 74' lang='lat' dir='ltr'><strong>offerat</strong></span> 
     </span>
    </p>
   </div>
   <div class='ocr_carea' id='block_1_5' title="bbox 273 2813 1351 2930">
    <p class='ocr_par' dir='ltr' id='par_1_5' title="bbox 273 2813 1351 2930">
     <span class='ocr_line' id='line_1_20' title="bbox 273 2813 1351 2930; baseline 0.002 -30"><span class='ocrx_word' id='word_1_146' title='bbox 273 2851 306 2901; x_wconf 89' lang='lat' dir='ltr'><strong>et</strong></span> <span class='ocrx_word' id='word_1_147' title='bbox 332 2835 428 2927; x_wconf 77' lang='lat' dir='ltr'><strong>quasi</strong></span> <span class='ocrx_word' id='word_1_148' title='bbox 453 2835 573 2901; x_wconf 87' lang='lat' dir='ltr'><strong>iterum</strong></span> <span class='ocrx_word' id='word_1_149' title='bbox 596 2833 771 2930; x_wconf 81' lang='lat' dir='ltr'><strong>producat</strong></span> <span class='ocrx_word' id='word_1_150' title='bbox 823 2840 998 2904; x_wconf 80' lang='lat' dir='ltr'><strong>Praeterea</strong></span> <span class='ocrx_word' id='word_1_151' title='bbox 1024 2840 1123 2904; x_wconf 85' lang='lat' dir='ltr'><strong>etiam</strong></span> <span class='ocrx_word' id='word_1_152' title='bbox 1146 2813 1351 2904; x_wconf 82' lang='lat' dir='ltr'><strong>Muellerum</strong></span> 
     </span>
    </p>
   </div>
   <div class='ocr_carea' id='block_1_6' title="bbox 180 2958 1397 3669">
    <p class='ocr_par' dir='ltr' id='par_1_6' title="bbox 180 2958 1350 3425">
     <span class='ocr_line' id='line_1_21' title="bbox 270 2958 1350 3056; baseline 0.001 -32"><span class='ocrx_word' id='word_1_153' title='bbox 270 2958 425 3050; x_wconf 84' lang='lat' dir='ltr'><strong>prolecto</strong></span> <span class='ocrx_word' id='word_1_154' title='bbox 458 2983 530 3026; x_wconf 92' lang='lat' dir='ltr'><strong>non</strong></span> <span class='ocrx_word' id='word_1_155' title='bbox 553 2958 656 3053; x_wconf 80' lang='lat' dir='ltr'><strong>fugit,</strong></span> <span class='ocrx_word' id='word_1_156' title='bbox 691 2962 825 3053; x_wconf 87' lang='lat' dir='ltr'><strong>optimis</strong></span> <span class='ocrx_word' id='word_1_157' title='bbox 858 2963 936 3027; x_wconf 76' lang='lat' dir='ltr'><strong>arus</strong></span> <span class='ocrx_word' id='word_1_158' title='bbox 962 2959 1110 3028; x_wconf 80' lang='lat' dir='ltr'><strong>Graecae</strong></span> <span class='ocrx_word' id='word_1_159' title='bbox 1141 2963 1350 3056; x_wconf 81' lang='lat' dir='ltr'><strong>temporibus</strong></span> 
     </span>
     <span class='ocr_line' id='line_1_22' title="bbox 271 3074 1349 3171; baseline 0.004 -26"><span class='ocrx_word' id='word_1_160' title='bbox 271 3079 351 3146; x_wconf 81' lang='lat' dir='ltr'><strong>dees</strong></span> <span class='ocrx_word' id='word_1_161' title='bbox 374 3079 574 3147; x_wconf 83' lang='lat' dir='ltr'><strong>Certaminis</strong></span> <span class='ocrx_word' id='word_1_162' title='bbox 599 3074 803 3171; x_wconf 79' lang='grc' dir='ltr'>(Ἃμίλλας)</span> <span class='ocrx_word' id='word_1_163' title='bbox 835 3085 970 3151; x_wconf 89' lang='lat' dir='ltr'><strong>omnino</strong></span> <span class='ocrx_word' id='word_1_164' title='bbox 1001 3107 1069 3150; x_wconf 91' lang='lat' dir='ltr'><strong>nou</strong></span> <span class='ocrx_word' id='word_1_165' title='bbox 1094 3086 1257 3166; x_wconf 84' lang='lat' dir='ltr'><strong>inveniri,</strong></span> <span class='ocrx_word' id='word_1_166' title='bbox 1288 3110 1349 3150; x_wconf 80' lang='lat' dir='ltr'><strong>ne-</strong></span> 
     </span>
     <span class='ocr_line' id='line_1_23' title="bbox 180 3187 1348 3301; baseline 0.001 -30"><span class='ocrx_word' id='word_1_167' title='bbox 180 3245 184 3251; x_wconf 90' lang='lat'>.</span> <span class='ocrx_word' id='word_1_168' title='bbox 271 3231 338 3298; x_wconf 87' lang='lat' dir='ltr'><strong>que</strong></span> <span class='ocrx_word' id='word_1_169' title='bbox 365 3231 514 3272; x_wconf 77' lang='lat' dir='ltr'><strong>caussam</strong></span> <span class='ocrx_word' id='word_1_170' title='bbox 536 3205 662 3288; x_wconf 86' lang='lat' dir='ltr'><strong>video,</strong></span> <span class='ocrx_word' id='word_1_171' title='bbox 696 3232 756 3273; x_wconf 75' lang='lat' dir='ltr'><strong>cue</strong></span> <span class='ocrx_word' id='word_1_172' title='bbox 787 3210 867 3301; x_wconf 24' lang='lat' dir='ltr'><strong>hae·</strong></span> <span class='ocrx_word' id='word_1_173' title='bbox 886 3208 971 3274; x_wconf 82' lang='lat' dir='ltr'><strong>deae</strong></span> <span class='ocrx_word' id='word_1_174' title='bbox 1005 3208 1108 3276; x_wconf 81' lang='lat' dir='ltr'><strong>alatae</strong></span> <span class='ocrx_word' id='word_1_175' title='bbox 1133 3208 1280 3288; x_wconf 81' lang='lat' dir='ltr'><strong>fuerint,</strong></span> <span class='ocrx_word' id='word_1_176' title='bbox 1311 3187 1348 3272; x_wconf 84' lang='lat' dir='ltr'><strong>id</strong></span> 
     </span>
     <span class='ocr_line' id='line_1_24' title="bbox 271 3328 1317 3425; baseline 0 -28"><span class='ocrx_word' id='word_1_177' title='bbox 271 3329 364 3421; x_wconf 81' lang='lat' dir='ltr'><strong>quod</strong></span> <span class='ocrx_word' id='word_1_178' title='bbox 388 3328 462 3396; x_wconf 85' lang='lat' dir='ltr'><strong>lora</strong></span> <span class='ocrx_word' id='word_1_179' title='bbox 486 3329 522 3392; x_wconf 93' lang='lat' dir='ltr'><strong>in</strong></span> <span class='ocrx_word' id='word_1_180' title='bbox 546 3329 665 3393; x_wconf 85' lang='lat' dir='ltr'><strong>harum</strong></span> <span class='ocrx_word' id='word_1_181' title='bbox 690 3329 870 3420; x_wconf 78' lang='lat' dir='ltr'><strong>figurarum</strong></span> <span class='ocrx_word' id='word_1_182' title='bbox 894 3349 1033 3422; x_wconf 87' lang='lat' dir='ltr'><strong>pectore</strong></span> <span class='ocrx_word' id='word_1_183' title='bbox 1058 3335 1135 3400; x_wconf 86' lang='lat' dir='ltr'><strong>satis</strong></span> <span class='ocrx_word' id='word_1_184' title='bbox 1160 3335 1317 3425; x_wconf 86' lang='lat' dir='ltr'><strong>probant.</strong></span> 
     </span>
    </p>

    <p class='ocr_par' dir='ltr' id='par_1_7' title="bbox 268 3452 1397 3669">
     <span class='ocr_line' id='line_1_25' title="bbox 367 3452 1397 3544; baseline 0.002 -26"><span class='ocrx_word' id='word_1_185' title='bbox 367 3453 524 3543; x_wconf 86' lang='lat' dir='ltr'><strong>Denique</strong></span> <span class='ocrx_word' id='word_1_186' title='bbox 551 3452 651 3518; x_wconf 86' lang='lat' dir='ltr'><strong>etiam</strong></span> <span class='ocrx_word' id='word_1_187' title='bbox 675 3455 790 3544; x_wconf 79' lang='lat' dir='ltr'><strong>paucis</strong></span> <span class='ocrx_word' id='word_1_188' title='bbox 814 3456 938 3521; x_wconf 85' lang='lat' dir='ltr'><strong>mentio</strong></span> <span class='ocrx_word' id='word_1_189' title='bbox 964 3453 1117 3522; x_wconf 71' lang='lat' dir='ltr'><strong>socienda</strong></span> <span class='ocrx_word' id='word_1_190' title='bbox 1141 3475 1191 3523; x_wconf 84' lang='lat' dir='ltr'><strong>cst</strong></span> <span class='ocrx_word' id='word_1_191' title='bbox 1213 3475 1348 3522; x_wconf 61' lang='lat' dir='ltr'><strong>senten«</strong></span> <span class='ocrx_word' id='word_1_192' title='bbox 1393 3463 1397 3482; x_wconf 92' lang='lat'>&#39;</span> 
     </span>
     <span class='ocr_line' id='line_1_26' title="bbox 268 3557 1346 3669; baseline 0.002 -29"><span class='ocrx_word' id='word_1_193' title='bbox 268 3577 331 3640; x_wconf 85' lang='lat' dir='ltr'><strong>tiae</strong></span> <span class='ocrx_word' id='word_1_194' title='bbox 367 3575 498 3642; x_wconf 88' lang='lat' dir='ltr'><strong>Claraci</strong></span> <span class='ocrx_word' id='word_1_195' title='bbox 519 3572 563 3660; x_wconf 91' lang='lat'><strong>¹⁰)</strong></span> <span class='ocrx_word' id='word_1_196' title='bbox 600 3557 661 3669; x_wconf 84' lang='lat' dir='ltr'><strong>qui</strong></span> <span class='ocrx_word' id='word_1_197' title='bbox 694 3577 754 3643; x_wconf 89' lang='lat' dir='ltr'><strong>has</strong></span> <span class='ocrx_word' id='word_1_198' title='bbox 784 3576 923 3645; x_wconf 81' lang='lat' dir='ltr'><strong>seminas</strong></span> <span class='ocrx_word' id='word_1_199' title='bbox 952 3577 1142 3645; x_wconf 83' lang='lat' dir='ltr'><strong>sacerdotes</strong></span> <span class='ocrx_word' id='word_1_200' title='bbox 1174 3579 1346 3646; x_wconf 85' lang='lat' dir='ltr'><strong>Minervae</strong></span> 
     </span>
    </p>
   </div>
   <div class='ocr_carea' id='block_1_7' title="bbox 266 3797 1299 4088">
    <p class='ocr_par' dir='ltr' id='par_1_8' title="bbox 266 3797 1299 4088">
     <span class='ocr_line' id='line_1_27' title="bbox 266 3797 837 3900; baseline -0.002 -18"><span class='ocrx_word' id='word_1_201' title='bbox 266 3797 269 3804; x_wconf 34' lang='grc' dir='ltr'>Ι</span> <span class='ocrx_word' id='word_1_202' title='bbox 317 3834 346 3897; x_wconf 82' lang='grc'><strong>6)</strong></span> <span class='ocrx_word' id='word_1_203' title='bbox 365 3827 495 3892; x_wconf 64' lang='grc' dir='ltr'>ΡειοίῚια,</span> <span class='ocrx_word' id='word_1_204' title='bbox 515 3831 609 3882; x_wconf 73' lang='lat' dir='ltr'><strong>Museo</strong></span> <span class='ocrx_word' id='word_1_205' title='bbox 627 3831 729 3882; x_wconf 74' lang='lat' dir='ltr'><strong>Blaesi.</strong></span> <span class='ocrx_word' id='word_1_206' title='bbox 749 3832 788 3900; x_wconf 88' lang='lat' dir='ltr'><strong>pl.</strong></span> <span class='ocrx_word' id='word_1_207' title='bbox 814 3851 837 3888; x_wconf 89' lang='lat' dir='ltr'><strong>t.</strong></span> 
     </span>
     <span class='ocr_line' id='line_1_28' title="bbox 319 3923 1299 4001; baseline -0.001 -23"><span class='ocrx_word' id='word_1_208' title='bbox 319 3928 346 3995; x_wconf 82' lang='lat'><strong>7)</strong></span> <span class='ocrx_word' id='word_1_209' title='bbox 364 3927 433 3978; x_wconf 82' lang='lat' dir='ltr'><strong>Ann.</strong></span> <span class='ocrx_word' id='word_1_210' title='bbox 453 3924 517 3976; x_wconf 88' lang='lat' dir='ltr'><strong>dell’</strong></span> <span class='ocrx_word' id='word_1_211' title='bbox 535 3928 601 3978; x_wconf 86' lang='lat' dir='ltr'><strong>Inst.</strong></span> <span class='ocrx_word' id='word_1_212' title='bbox 624 3931 698 3996; x_wconf 77' lang='lat'>1829.</span> <span class='ocrx_word' id='word_1_213' title='bbox 717 3943 743 3994; x_wconf 90' lang='lat' dir='ltr'><strong>p.</strong></span> <span class='ocrx_word' id='word_1_214' title='bbox 762 3943 809 3979; x_wconf 80' lang='lat' dir='ltr'><strong>aar</strong></span> <span class='ocrx_word' id='word_1_215' title='bbox 832 3944 892 3998; x_wconf 83' lang='lat' dir='ltr'><strong>sqq.</strong></span> <span class='ocrx_word' id='word_1_216' title='bbox 918 3927 992 3982; x_wconf 66' lang='lat' dir='ltr'><strong>isto.</strong></span> <span class='ocrx_word' id='word_1_217' title='bbox 1012 3943 1037 3996; x_wconf 81' lang='lat' dir='ltr'><strong>p.</strong></span> <span class='ocrx_word' id='word_1_218' title='bbox 1058 3931 1110 3981; x_wconf 80' lang='lat'><strong>326</strong></span> <span class='ocrx_word' id='word_1_219' title='bbox 1131 3945 1190 4001; x_wconf 80' lang='lat' dir='ltr'><strong>sqq,</strong></span> <span class='ocrx_word' id='word_1_220' title='bbox 1297 3923 1299 3926; x_wconf 73' lang='grc'><strong>’</strong></span> 
     </span>
     <span class='ocr_line' id='line_1_29' title="bbox 318 4021 776 4088; baseline 0 -14"><span class='ocrx_word' id='word_1_221' title='bbox 318 4023 345 4088; x_wconf 86' lang='grc'><strong>8)</strong></span> <span class='ocrx_word' id='word_1_222' title='bbox 367 4021 437 4071; x_wconf 82' lang='lat' dir='ltr'><strong>Num</strong></span> <span class='ocrx_word' id='word_1_223' title='bbox 458 4021 539 4071; x_wconf 86' lang='lat' dir='ltr'><strong>etlam</strong></span> <span class='ocrx_word' id='word_1_224' title='bbox 557 4029 620 4072; x_wconf 84' lang='lat' dir='ltr'><strong>unte</strong></span> <span class='ocrx_word' id='word_1_225' title='bbox 640 4021 776 4074; x_wconf 81' lang='lat' dir='ltr'><strong>musicos?</strong></span> 
     </span>
    </p>
   </div>
   <div class='ocr_carea' id='block_1_8' title="bbox 215 4109 813 4283">
    <p class='ocr_par' dir='ltr' id='par_1_9' title="bbox 215 4109 813 4283">
     <span class='ocr_line' id='line_1_30' title="bbox 215 4109 493 4185; baseline 0.018 -19"><span class='ocrx_word' id='word_1_226' title='bbox 215 4109 218 4136; x_wconf 83' lang='lat'>¹</span> <span class='ocrx_word' id='word_1_227' title='bbox 318 4116 347 4185; x_wconf 78' lang='grc'><strong>9)</strong></span> <span class='ocrx_word' id='word_1_228' title='bbox 364 4115 428 4184; x_wconf 79' lang='lat' dir='ltr'><strong>Cup.</strong></span> <span class='ocrx_word' id='word_1_229' title='bbox 447 4115 493 4172; x_wconf 85' lang='lat' dir='ltr'><strong>IV.</strong></span> 
     </span>
     <span class='ocr_line' id='line_1_31' title="bbox 305 4210 813 4283; baseline 0.006 -19"><span class='ocrx_word' id='word_1_230' title='bbox 305 4211 347 4280; x_wconf 81' lang='lat' dir='ltr'><strong>to)</strong></span> <span class='ocrx_word' id='word_1_231' title='bbox 367 4211 505 4276; x_wconf 75' lang='lat' dir='ltr'><strong>Meleager</strong></span> <span class='ocrx_word' id='word_1_232' title='bbox 523 4210 703 4283; x_wconf 71' lang='lat' dir='ltr'><strong>‹l&#39;rlntiquitt‘s</strong></span> <span class='ocrx_word' id='word_1_233' title='bbox 724 4229 752 4280; x_wconf 79' lang='lat' dir='ltr'><strong>p,</strong></span> <span class='ocrx_word' id='word_1_234' title='bbox 776 4216 813 4267; x_wconf 77' lang='lat'><strong>13.</strong></span> 
     </span>
    </p>
   </div>
   <div class='ocr_carea' id='block_1_9' title="bbox 0 0 1458 4882">
    <p class='ocr_par' dir='ltr' id='par_1_10' title="bbox 0 0 1458 4882">
     <span class='ocr_line' id='line_1_32' title="bbox 0 0 1458 4882; baseline 0 3"><span class='ocrx_word' id='word_1_235' title='bbox 0 0 1458 4882; x_wconf 95' lang='lat' dir='ltr'><strong> </strong></span> 
     </span>
    </p>
   </div>
  </div>
 </body>
</html>
