2920 4868
632 443 877 512 -23-

211 635 327 730 Itaque
354 659 459 729 quum
481 633 651 704 Hadriano
685 637 855 706 recentior
881 638 941 719 sit,
975 634 1157 704 admodum
1188 635 1299 704 credi-

207 756 278 826 bile
305 777 373 841 est,
398 782 522 826 nomen
547 759 634 826 illud
658 779 841 842 vetustum,
873 761 901 828 si
927 763 1063 828 omnino
1089 762 1298 854 temporibus

207 880 364 950 Romanis
388 881 506 964 rediit,
532 883 597 950 hoc
619 885 821 976 imperatore
844 882 955 952 denuo
981 885 1016 950 in
1042 909 1138 952 usum
1158 887 1307 952 venisse·

227 1042 229 1048 ν
307 1006 544 1075 Erichthonius
576 1026 687 1075 autem
707 1005 764 1074 'ad
794 1031 897 1101 quem
929 1007 1033 1075 redeo
1040 1057 1050 1088 ,
1081 1009 1122 1074 ab
1152 1011 1299 1102 antiquis

209 1131 338 1199 Atticae
363 1129 481 1197 incolis
514 1129 615 1198 veluti
650 1129 870 1224 agriculturae
898 1130 1087 1224 praefectus
1121 1154 1187 1198 una
1224 1155 1302 1200 cum

207 1254 360 1320 Minerva
385 1271 417 1320 et
438 1252 611 1336 Vulcano,
637 1256 706 1320 cius
734 1257 947 1349 parentibus,
973 1254 1080 1322 cultos
1107 1279 1180 1322 esse
1204 1256 1300 1324 -vide-

210 1395 266 1444 tur
281 1372 344 1461 ¹3),
367 1393 549 1470 propterea
577 1375 670 1470 quod
697 1403 737 1444 er
761 1381 836 1472 ipsa
862 1398 949 1446 terra
974 1395 1069 1446 nutus
1095 1399 1174 1448 erat.
1227 1371 1301 1467 Qua

211 1499 254 1568 de
280 1526 394 1568 caussa
423 1502 496 1593 ipsc
527 1496 612 1568 nihil
649 1504 712 1569 nisi
744 1504 815 1570 eius
838 1501 1062 1572 'fecunditatis
1099 1506 1208 1599 imago
1239 1524 1299 1588 est,

212 1649 298 1718 quae
322 1624 466 1696 Atticam
497 1643 620 1692 terrum
653 1645 790 1719 spectet
859 1625 980 1694 Graeci
1020 1628 1108 1694 enim
1138 1628 1208 1696 filio
1243 1621 1302 1696 seu

211 1749 355 1841 posteris
382 1746 437 1814 dei
462 1746 600 1815 alicuius
617 1773 786 1848 persaepe
812 1775 885 1818 eam
908 1750 1097 1817 facultatem
1120 1749 1225 1845 idque
1238 1754 1302 1821 ho·-

212 1896 295 1938 num
320 1870 503 1938 attribuunt
537 1871 630 1964 quod
651 1873 692 1938 in
718 1871 782 1941 deo
807 1875 882 1967 ipso
908 1874 1007 1940 situm
1030 1897 1101 1940 esse
1125 1877 1300 1967 putabant,

199 2021 284 2091 =qua
308 2019 346 2062 re
367 1995 595 2087 pulcherrime
612 1997 845 2090 significabant
868 1995 1056 2065 facultatem
1080 1996 1182 2079 illam,
1207 2001 1302 2092 quasi

116 2144 120 2154 ⁸
216 2117 273 2186 dei
298 2117 401 2185 filiam
425 2121 446 2184 i.
474 2145 502 2186 e.
539 2143 579 2184 ex
605 2119 669 2188 deo
692 2119 750 2188 illo
775 2139 903 2202 uatem,
947 2121 1052 2214 ipsius
1084 2120 1140 2188 dei
1174 2119 1317 2188 donum·

217 2265 299 2312 esse.
352 2229 444 2326 Quae
476 2265 530 2307 res
567 2242 716 2334 conspici
746 2259 857 2334 potest
891 2241 988 2306 etiam
1023 2244 1059 2309 in
1083 2243 1303 2311 Erichthonio

217 2363 454 2458 quadrigarum
480 2366 653 2432 inventore
675 2356 742 2451 Ι4);
767 2387 846 2428 nam
859 2363 1011 2432 Minerva
1036 2367 1109 2459 ipsa
1132 2365 1305 2460 equitandi

220 2513 388 2580 curruque
410 2485 556 2554 vehendi
580 2505 686 2555 artem
709 2484 862 2552 docuisse
889 2485 1031 2572 dicitur,
1064 2487 1155 2556 unde
1180 2484 1306 2556 Ἱππία

220 2629 354 2692 vocata,
378 2608 471 2704 quod
497 2635 573 2677 cum
596 2610 833 2677 Panathenaeis
851 2611 901 2676 ab
927 2611 1146 2680 Erichthonio
1173 2616 1307 2682 institu-

114 2728 116 2734 ’
220 2736 261 2802 tis
288 2735 412 2827 optime
436 2736 598 2804 convenit.
650 2735 768 2828 Itaque
785 2736 850 2800 iam
867 2760 908 2802 ox
931 2735 1006 2803 loco
1026 2738 1203 2818 Matrnoris
1218 2739 1307 2806 Parii

221 2857 367 2948 adducto
394 2858 554 2942 videmus,
580 2861 668 2926 inter
688 2857 786 2926 ludos
809 2861 842 2926 in
858 2860 1095 2926 Panathenaeis
1118 2878 1208 2928 actos
1232 2887 1308 2928 cur-

222 3007 297 3050 sum
314 3002 512 3077 'equestrem
544 2983 810 3076 antiquissimum
844 2981 956 3052 fuisse.
1012 2985 1165 3076 Apparet
1197 2947 1308 3078 igitur,

223 3125 345 3200 quanta
367 3109 409 3174 sit
440 3109 477 3173 in
503 3108 656 3175 omnihus
694 3107 795 3173 rebus
818 3106 988 3172 Minervae
1029 3131 1105 3172 cum
1127 3107 1308 3174 Erichtho-

221 3231 279 3297 nio
303 3231 510 3312 coniunctio,
533 3229 623 3297 unde
650 3252 754 3322 quum
778 3226 869 3325 hunc
890 3228 1038 3320 primum
1061 3228 1183 3296 festum
1210 3229 1306 3312 illud,

222 3353 392 3420 Athenaea
415 3371 584 3434 vocatum,
610 3351 791 3418 instituisse
816 3350 995 3441 scriptores
1028 3350 1183 3432 tradant,
1210 3351 1309 3422 facile

223 3474 434 3569 intelligitur,
459 3475 526 3542 hoc
541 3485 666 3542 nomen
683 3470 867 3552 Ἀθήναια
889 3471 973 3540 nihil
989 3499 1164 3543 commune
1183 3477 1310 3544 hahere

262 3759 1312 3845 mmmhmnmewwfflmmwmpm.

174 3869 183 3876 “
259 3853 306 3933 id)
323 3860 457 3914 Eratosth.
476 3860 575 3936 Catari.
601 3860 639 3913 13.
661 3859 754 3910 Maron.
774 3859 832 3913 Pur.
853 3874 896 3928 ep.
922 3875 951 3911 to
971 3857 1064 3928 ibique
1082 3843 1201 3914 B'osclh.
1229 3859 1313 3924 (01.

329 3948 393 4005 vot.
410 3950 443 4000 ll.
460 3966 487 4018 p.
505 3948 570 4016 313)
589 3947 637 4016 qui
649 3944 749 3998 multos
767 3945 796 3996 iu
814 3945 884 3996 hanc
903 3961 959 3996 rem
978 3946 1072 3998 attulit
1091 3945 1174 3996 locos.
1213 3945 1313 3997 Osten-

331 4035 373 4090 dit
390 4034 594 4088 Erichthonium
614 4051 692 4085 curru
721 4031 864 4084 vehentem
891 4032 995 4085 decime
1025 4033 1120 4103 quinta
1138 4031 1313 4086 Parmenonis

332 4132 442 4194 metopa
461 4124 490 4176 in
510 4122 596 4175 latere
614 4119 792 4175 meridionali.
829 4119 988 4185 Brindstcd,
1007 4121 1103 4176 lleieeu
1120 4122 1153 4174 iu
1164 4122 1314 4177 Griecheu-

329 4210 403 4271 land.
422 4211 454 4266 T.
473 4211 506 4264 ll.
524 4227 550 4280 p.
571 4211 631 4262 233.
