2920 4868
551 450 601 468 ·-·
650 414 696 484 63
749 451 798 466 -·

129 597 244 684 νᾳίἰιν
281 601 345 672 καὶ
369 603 512 696 ἀγώνων
543 609 614 675 τῶν
646 605 707 676 ἐπὶ
731 601 914 698 Λαμπάδι
948 636 1014 678 non
1051 609 1093 678 ad
1121 615 1226 682 Pana-

134 727 357 810 tlrenaeorum
382 729 553 825 lampades
578 733 755 802 reserenda
781 759 853 832 esse
880 735 1062 802 videantur.

594 977 765 989 ’,η-...-

538 1223 699 1300 CAPUT
744 1231 830 1303 VII.

147 1435 151 1446 '
232 1419 305 1524 lam
332 1461 393 1524 etsi
418 1429 727 1554 lampadephoriam
758 1461 796 1528 iis
823 1459 941 1530 diebus
975 1461 1018 1529 ad
1051 1487 1223 1556 vesperam

129 1583 254 1650 iactam
278 1606 349 1668 esse
376 1585 595 1664 oonieoimus‚
634 1585 755 1677 quihus
780 1583 855 1653 luce
887 1585 959 1652 ludi
985 1589 1132 1681 gymnici
1163 1588 1230 1654 ha·-

129 1708 322 1794 bebantur‚
363 1705 406 1774 de
429 1705 487 1773 illa
512 1725 622 1775 tamen
643 1709 758 1801 paucis
797 1709 1032 1792 disseruimus,
1066 1711 1224 1780 ludorum

130 1833 366 1926 gymnicorum
405 1829 531 1896 ratione
561 1845 605 1895 ¹et
642 1831 820 1922 generibus
861 1832 1012 1901 nondum
1055 1835 1232 1940 expositis„

131 1957 213 2048 quia
238 1955 340 2020 series
366 1967 399 2016 et
423 1952 656 2044 gymnicorum
683 1957 959 2037 emesinorum,
987 1954 1127 2050 qualem¹
1149 1983 1224 2023 vasa

129 2075 375 2150 Panathenaico
400 2074 499 2142 nobis
526 2073 684 2158 offerunt,
719 2078 917 2172 interrumpi
949 2103 1021 2146 non
1050 2102 1149 2171 posse
1175 2083 1223 2148 vi
1233 2111 1235 2114 ·

130 2197 284 2267 debatur
317 2196 480 2306 Atque
471 2222 507 2264 ιιι
524 2197 682 2289 Zophoro
709 2198 846 2291 quidem
871 2199 1089 2268 Parthenonis
1117 2205 1220 2270 citha

129 2319 232 2390 roedi
257 2336 290 2386 et
315 2319 440 2388 auletae
465 2345 611 2415 pompae
637 2321 744 2389 curuli
779 2340 812 2390 et
838 2325 985 2416 equestri
1010 2327 1230 2408 antecedunt,

129 2463 276 2517 attamen
300 2447 438 2512 minime
466 2446 605 2514 credere
638 2471 834 2540 possumus,
868 2451 1011 2517 musicos
1037 2447 1135 2518 ludos
1161 2453 1230 2520 ha·

128 2571 220 2640 bitos
247 2594 318 2638 esse
345 2585 420 2636 ante
445 2571 634 2660 gymnicos,
670 2587 850 2664 propterea
877 2570 970 2664 quod
999 2571 1036 2638 hi
1061 2573 1231 2666 antiquis.

129 2698 212 2768 simi
233 2710 341 2776 erant,
376 2691 427 2759 illi
452 2709 561 2786 autem
586 2692 724 2760 Periclis
761 2691 897 2762 demum
922 2711 1025 2760 aetate
1052 2696 1088 2760 in
1113 2698 1218 2760 Pana-

89 2869 92 2884 .
130 2820 280 2888 thenaeis
319 2820 472 2912 primum.
496 2817 601 2884 habiti
633 2834 718 2884 sunt
790 2820 876 2888 Nam
908 2820 944 2886 in
976 2817 1035 2885 illo
1059 2819 1217 2911 Zophoro

129 2965 228 3010 verus
252 2965 366 3010 rerum
400 2938 484 3010 ordo
518 2936 761 3032 pulchritudini
790 2938 989 3032 legibusque
1014 2940 1091 3005 artis
1123 2957 1216 3032 post-

129 3063 305 3152 habendus
333 3083 412 3132 erat

231 3187 299 3257 Sed
324 3191 520 3282 priusquam
551 3184 635 3254 ad
625 3209 716 3279 ipsos
747 3187 807 3251 hos
833 3181 930 3250 ludos
956 3185 1127 3277 gymnicos
1159 3211 1216 3254 eo-

128 3336 271 3406 rumque
308 3313 396 3378 varia
434 3335 556 3403 genera
594 3306 816 3376 describenda
848 3324 1069 3394 uanseamus,
1113 3333 1216 3401 quae-

129 3433 428 3513 1·endumest,ex
455 3433 574 3525 quibus
601 3433 740 3498 maxime
773 3431 917 3498 sontibus
943 3432 1026 3498 haec
1051 3455 1105 3498 res
1130 3432 1214 3499 hau-

129 3556 247 3628 rienda
269 3559 318 3622 sit.
343 3638 347 3646 Ι
375 3558 574 3648 Quicunque
609 3556 697 3620 enim
733 3555 802 3621 hos
828 3553 926 3622 ludos
951 3553 1214 3646 Panathenaicus

130 3678 208 3746 inde
235 3706 252 3744 a
280 3682 426 3748 Meursio
450 3696 650 3757 tractamnrt,
677 3676 756 3745 solis¹
780 3681 981 3772 scriptorum
1006 3679 1212 3748 Graecorum

129 3803 210 3872 locis
237 3808 286 3870 usi
313 3822 398 3884 sunt,
424 3789 526 3896 idque
553 3807 607 3882 ita,
631 3821 666 3869 ut
687 3828 856 3896 perpauca
881 3820 1009 3870 tantum
1035 3802 1077 3871 de
1097 3830 1211 3872 eornm

128 3952 203 3992 vara
229 3932 355 4035 ratipno
382 3929 544 4020 variisque
575 3927 751 4018 generibus
778 3943 953 4019 exponant.
1013 3928 1052 3992 In
1088 3930 1208 4020 quibus

25 4135 28 4145 1
129 4047 216 4116 ludis
255 4049 475 4143 depingendis
511 4067 543 4116 et
567 4047 770 4122 illustrandis
806 4047 992 4117 videbimus
1012 4050 1069 4132 id,
1117 4053 1210 4147 quod

131 4153 227 4264 supra
250 4151 512 4263 satissnperquo
537 4170 614 4248 dixi,
637 4168 791 4236 videlicet
808 4195 907 4262 quam
928 4195 1035 4262 pauca
1057 4174 1091 4237 in
1108 4174 1207 4246 rebus
