2920 4868
647 387 895 479 ...Μ-

231 591 437 656 Graecorum
462 589 563 654 sacris
589 583 837 664 describendis,
872 590 1014 652 maxime
1048 609 1127 656 sero
1160 585 1312 654 infestis

230 707 471 804 cognoscendis
496 707 662 801 proficere
688 709 868 800 possimus,
903 709 966 774 nisi
990 709 1212 775 monumentis
1234 711 1317 775 artis

230 835 387 902 adhibitis
424 833 626 924 scriptorum
655 829 749 898 locos
787 832 882 924 quasi
922 829 1027 896 oculis
1062 831 1313 899 subiecerimus.

230 959 303 1026 Hac
327 957 417 1022 enim
441 954 478 1018 iu
507 976 545 1017 re
572 949 789 1018 clarissimum
812 949 928 1017 lumen
952 974 1184 1047 summumque
1218 951 1315 1020 adiu-

228 1058 377 1148 mentum
403 1078 501 1146 nobis
535 1075 673 1142 afferunt
706 1099 788 1142 vasa
822 1099 910 1168 quae
946 1093 1112 1143 vocantur
1135 1077 1315 1146 Panathe-

114 1229 120 1240 ¹
229 1206 348 1282 naica,
388 1225 533 1295 quorum
559 1223 685 1266 summa
718 1224 796 1293 pars
828 1201 917 1266 inter
953 1224 991 1266 ea
1024 1216 1091 1280 est,
1130 1225 1217 1295 quae
1242 1200 1314 1268 sere

229 1326 351 1393 abhinc
377 1311 481 1391 anhos
506 1340 581 1390 octo
603 1325 640 1388 in
664 1325 817 1390 Etruriae
841 1324 1004 1418 sepulcris
1031 1322 1154 1392 effossis
1179 1341 1317 1418 reperta

228 1465 313 1516 sunt
365 1445 456 1530 Quid
481 1461 530 1515 est
551 1465 679 1527 autem,
713 1446 807 1541 quod
830 1449 1074 1516 recentioribus
1104 1449 1317 1540 temporibus

227 1593 281 1636 res
307 1583 341 1634 et
364 1565 491 1638 fabulas
517 1569 723 1635 Graecorum
756 1566 876 1634 melius
910 1567 1099 1660 clariusque
1129 1567 1317 1651 illustravit,

229 1715 330 1784 quam
354 1714 428 1756 vasa
453 1685 584 1770 fictilia,
611 1691 733 1782 quibus
758 1690 800 1755 ab
825 1688 884 1756 illo
914 1687 993 1756 inde
1022 1689 1316 1785 temporeMusea

228 1814 472 1880 artium'etiam
494 1815 532 1878 in
557 1805 736 1880 Germania
772 1814 925 1882 florentia
953 1817 989 1881 in
1023 1815 1095 1883 dies
1131 1838 1316 1909 propemo-

225 1937 311 2004 dum
344 1937 447 2029 magis
485 1938 656 2030 magisque
697 1936 973 2032 locupletantur?
1023 1941 1113 2025 Quin
1145 1939 1244 2005 etiam
1273 1940 1317 2010 ad

227 2063 401 2130 historiam
437 2064 557 2130 artium
588 2063 792 2131 Graecarum
831 2065 1064 2159 explicandam
1100 2066 1194 2160 signa
1227 2083 1317 2132 mar-

228 2213 342 2257 morea
367 2203 442 2256 ante
467 2189 529 2256 hos
555 2189 670 2281 viginti
704 2191 853 2284 quinque
879 2165 982 2257 annos
1008 2187 1156 2272 detecta,
1194 2192 1316 2286 quibus

228 2311 310 2380 olim
334 2311 497 2404 templum
521 2311 692 2380 Minervae
717 2283 948 2406 Aegideticum
972 2311 1156 2408 gaudebat,
1177 2313 1316 2382 sortasse
1396 2286 1401 2296 l

228 2440 337 2504 minus
364 2436 559 2516 conferunt,
596 2461 697 2528 quam
721 2460 875 2504 vasorum
910 2435 1046 2504 illorum
1069 2437 1187 2531 ingens
1211 2441 1326 2532 copias

230 2585 317 2654 quae
343 2576 504 2652 quatenus
535 2560 634 2626 mam
666 2560 703 2624 in
723 2561 876 2626 Etnrriae
909 2559 1046 2655 oppidis
1070 2561 1185 2656 figlina
1210 2580 1243 2628 et
1264 2565 1317 2656 pi-

229 2695 324 2754 ctura
346 2684 537 2766 floruerint,
562 2685 687 2777 optime
712 2709 773 2752 nos
797 2677 949 2753 edocent
999 2687 1058 2753 De·
1079 2705 1228 2779 quorum
1249 2687 1320 2754 ori-¹

232 2812 308 2905 gine
334 2826 485 2900 tempore
505 2807 683 2899 pretioque
707 2805 826 2878 ,multi
850 2805 1015 2874 disserere
1053 2823 1086 2874 et
1109 2808 1209 2874 nimis
1241 2807 1316 2876 lon-

233 2957 311 3028 gum
333 2947 368 2996 et
393 2954 412 2994 a
434 2928 608 3020 proposito
633 2944 747 2994 nostro
774 2925 920 2994 alienum
941 2952 1017 2995 esse
1051 2938 1189 3010 censeo,
1218 2954 1316 3024 prae-

206 3135 210 3148 ,
233 3057 346 3123 sertim
372 3077 476 3145 quum
500 3069 550 3119 tot
573 3054 722 3146 tantique
736 3055 828 3134 -viri,
851 3055 971 3120 artium
998 3053 1204 3121 Graecarum
1224 3057 1315 3148 peri-

234 3179 370 3258 tissimi,
395 3177 431 3242 in
455 3176 507 3243 his
532 3175 633 3242 rebus
653 3177 863 3268 sagacitatem
879 3201 972 3244 suam
985 3178 1029 3243 ita
1047 3180 1259 3245 exercuerint
1277 3175 1315 3264 ¹),

234 3321 271 3369 nt
296 3297 425 3393 aliquid
447 3297 526 3364 novi
555 3297 591 3361 in
615 3295 726 3362 lucem
747 3296 892 3390 proferri
916 3320 1080 3391 perquam
1106 3296 1239 3365 difficile
1265 3301 1316 3379 sit,

234 3427 295 3496 etsi
308 3429 434 3518 'magna
459 3419 534 3500 illa,
577 3421 613 3484 iu
638 3443 704 3512 qua
737 3443 863 3485 summa
888 3423 939 3488 rei
968 3437 1133 3500 versatur,
1168 3425 1315 3514 quaestio

233 3547 385 3617 noudum
409 3549 455 3613 ita
481 3540 659 3611 diiudicata
682 3559 752 3622 est,
789 3559 826 3610 ut
851 3541 894 3610 de
925 3567 1078 3612 vasorum
1103 3542 1317 3646 Volcentium

186 3760 197 3782 Ι
234 3685 312 3740 vera
338 3671 467 3762 origine
499 3669 628 3734 omnes'
645 3686 750 3730 unum
784 3662 944 3759 idemque
970 3685 1134 3735 censeant
1198 3669 1316 3764 Neque

293 3993 316 4062 ι)
337 3987 495 4040 Brevissima
512 3987 627 4038 virorum
654 3981 794 4036 doctorum
824 3983 968 4051 opiniones
985 3989 1063 4040 affert
1086 3987 1115 4042 C.
1134 3988 1166 4039 0.
1188 3987 1314 4052 Mueller,

337 4069 497 4148 Uebersicht
529 4071 555 4125 d.
585 4071 692 4131 Griech,
730 4071 903 4140 Kuustgesch.
937 4073 1021 4149 (stig.
1048 4075 1098 4127 Lit.
1124 4075 1206 4146 zaitg.
1243 4075 1313 4132 1835.

341 4179 368 4216 n.
395 4162 463 4231 roi),
1224 4197 1228 4204 .
