2906 4882
666 443 942 510 *llll-

257 633 437 733 scriptores
472 640 609 708 seminas
645 660 679 708 et
711 639 841 734 puellas
877 637 1095 706 certaminum
1120 633 1341 702 Panathenai·

260 787 377 829 corum
401 765 583 857 participes
608 764 709 831 foisse
739 789 881 857 usquam
912 779 1195 841 commemorent,
1224 783 1339 852 neque

253 885 342 951 tituli
369 903 521 968 exstent,
553 913 594 953 ex
627 889 750 980 quibus
783 890 849 953 iam
875 884 1015 951 Phidiae
1037 883 1247 978 temporibus
1275 884 1339 948 hoe

256 1007 380 1074 sactum
404 1035 476 1078 esse
508 1027 685 1103 sequatur,
716 1035 780 1076 neo
814 1009 963 1101 denique
992 1033 1068 1074 vasa
1093 1006 1337 1072 Panathenaico

259 1129 369 1198 adhuc
394 1134 527 1200 inventa
551 1135 637 1214 sint,
671 1157 756 1226 quae
788 1132 928 1200 feminas
955 1148 1118 1198 certantes
1144 1127 1336 1196 ostendant:

230 1255 340 1322 haec
367 1254 714 1324 Claraci·eoniectura
739 1256 878 1322 minime
903 1253 1090 1349 probabilis
1115 1251 1259 1320 videtur.

352 1380 421 1444 lam
448 1405 552 1473 quum
578 1381 774 1474 Zophorum
805 1378 902 1447 ludos
928 1378 1100 1472 gymnicos
1123 1377 1245 1442 iterum
1274 1398 1337 1442 no-

173 1505 176 1512 “
253 1501 304 1566 bis
326 1500 519 1594 producere
545 1529 647 1596 snpra
674 1505 901 1584 statuerimus,
934 1498 1167 1594 quaerendum
1189 1517 1250 1578 est,
1278 1523 1337 1566 cur

253 1643 428 1717 equestres
455 1626 655 1719 curulesque
685 1626 759 1692 ludi
784 1625 973 1719 anaglypho
1000 1625 1098 1692 efficti
1122 1625 1189 1690 sint
1198 1671 1208 1702 ,
1235 1623 1336 1688 omis-

254 1750 298 1814 sis
329 1751 369 1814 iis
396 1747 512 1845 lodis,
550 1751 673 1842 quihus
705 1748 847 1815 athletae
880 1747 1025 1842 pedibus
1060 1747 1243 1814 certabant.
1294 1745 1336 1810 In

252 1869 365 1937 medio
391 1871 598 1964 relinquam,
631 1890 743 1937 utrum
775 1873 874 1938 etiam
907 1873 930 1936 ii
959 1867 1102 1937 athletae
1134 1871 1194 1963 qni
1225 1894 1335 1948 cursu,

251 1992 404 2088 pugilatu
430 1993 570 2088 aliisque
596 1994 755 2062 ludorum
780 1997 959 2088 generibus
984 1996 1150 2074 vicissent,
1175 1996 1213 2060 in
1238 2017 1335 2085 pom·
1437 2065 1438 2088 ,

256 2141 301 2210 pa
326 2116 464 2210 publice
494 2121 744 2210 processerint,
769 2144 897 2201 necne,
934 2141 1137 2211 quamquam
1164 2117 1249 2182 haec
1282 2141 1335 2182 res
1437 2115 1438 2136 l

250 2267 405 2333 magnam
430 2242 501 2308 veri
529 2245 679 2334 speciem
695 2245 786 2335 'prae
813 2267 848 2308 se
873 2241 948 2323 fert,
976 2266 1081 2335 quum
1102 2242 1161 2332 qui
1185 2241 1238 2306 his
1261 2265 1335 2306 cer·
1437 2277 1438 2284 κ

217 2397 222 2414 =
248 2367 427 2433 taminibus
458 2367 625 2447 vicerant,
660 2391 767 2459 aeque
800 2389 919 2457 magno
959 2365 1088 2431 honore
1119 2363 1327 2442 fruerentur,

246 2513 347 2581 quam
365 2515 369 2524 ¹
384 2491 444 2582 qui
475 2487 563 2556 lutlis
593 2491 805 2581 equestribus
838 2485 1049 2554 ormulibusve
1075 2488 1249 2554 victoriam
1275 2511 1329 2553 re-

245 2628 470 2704 portaverant.
519 2611 613 2676 Fieri
639 2627 750 2679 autent
774 2635 843 2678 non
868 2627 1023 2703 poterat,
1055 2627 1092 2677 ut
1120 2609 1240 2678 artilex
1266 2610 1327 2677 hos

246 2757 382 2825 quoque
414 2734 556 2800 victores
591 2733 779 2828 anaglypho
811 2735 1033 2827 exprimeret,
1068 2736 1163 2829 quia,
1200 2735 1267 2802 hoc
1299 2733 1327 2798 si

244 2855 386 2937 fecisset,
412 2855 541 2949 singula
565 2856 702 2926 illorum
726 2856 884 2925 ludorum
911 2883 1032 2950 genera
1058 2857 1252 2924 discernere
1274 2858 1326 2923 vix

245 2980 423 3072 qnisquam
455 3000 579 3072 posset
632 2980 811 3066 Quomodo
845 2983 936 3048 enim
967 3003 1140 3047 cursorem
1164 2981 1326 3048 rictorem

243 3104 404 3195 insignire
427 3117 527 3196 atq'ue
561 3131 578 3170 a
604 3103 766 3172 luctatore
797 3104 850 3171 vel
877 3104 1096 3196 pancratiasta
1131 3102 1325 3169 discernere

245 3243 377 3317 poterat
388 3226 409 3292 l'
463 3227 580 3320 ltaque
615 3230 673 3320 qui
704 3226 802 3294 ludos
843 3228 1015 3319 gymnicos
1051 3243 1323 3318 repraesentant,

245 3348 306 3416 soli
329 3351 353 3414 ii
379 3347 548 3415 debebant
573 3375 645 3416 csse
674 3351 732 3441 qui
758 3375 845 3441 equo
873 3368 906 3416 et
931 3373 1031 3416 curru
1055 3351 1213 3416 vicerant.

342 3471 504 3564 Sequitur
527 3475 562 3538 in
580 3473 738 3565 Zophoro
762 3472 1012 3565 septentrionali
1029 3476 1192 3542 orientem
1210 3496 1322 3541 versus

243 3593 335 3662 aliud
374 3594 586 3662 sollemnium
619 3622 749 3690 genus:
785 3595 883 3662 ludos
917 3599 1059 3662 musicos
1094 3595 1180 3663 dico.
1245 3597 1323 3663 Ete-

242 3722 313 3786 nim
350 3745 510 3788 curruum
541 3745 701 3812 pompam
739 3719 948 3812 praecedunt
983 3718 1100 3786 ‹leoem
1126 3720 1250 3811 figurae
1277 3715 1321 3804 13)

247 3940 534 3964 Ἢ

343 4082 475 4132 nonnulla
493 4081 632 4133 doctrinae
651 4065 782 4150 praesidia
802 4095 871 4152 quae
892 4081 987 4132 ultimo
1011 4061 1086 4135 'anno
1113 4085 1182 4152 typis
1212 4087 1320 4153 vulgata

345 4177 416 4218 sunt.
452 4169 501 4218 Hic
521 4170 590 4220 euim
608 4185 703 4235 magna
723 4168 817 4220 horum
838 4167 1017 4219 srrhsitliornm
1036 4177 1112 4237 parte
1134 4187 1262 4221 caremus.

282 4263 323 4330 13)
351 4262 545 4333 HaecZophori
565 4263 620 4315 tab.
641 4281 731 4314 marm.
753 4279 822 4332 qtrae
844 4263 939 4330 figurat
959 4279 1080 4314 cur-mum
1095 4281 1219 4335 pompam
1239 4283 1319 4334 prae-
