2920 4868
558 421 799 488 ..55-

474 751 477 758 '
541 743 703 812 CAPUT
748 747 811 814 VI.

230 971 331 1042 Nulla
362 975 465 1068 igitur
500 971 561 1040 alia
591 999 651 1055 re,
680 975 757 1040 ‘uisi
792 971 961 1042 sacrificiis
994 964 1220 1070 precibusque

110 1101 240 1198 =seria,
267 1117 303 1165 ut
322 1100 367 1166 ita
392 1097 520 1192 dicam,
543 1099 646 1165 totius
672 1094 900 1165 sollemnitatis
917 1122 994 1190 pars
1019 1100 1054 1163 in
1076 1118 1233 1195 utroque,
1314 1103 1318 1116 '

129 1223 437 1291 Panathenaeoeum
462 1221 546 1290 sesto
574 1221 790 1302 cernebatur,
814 1221 874 1298 etsi
900 1221 998 1286 etiam
1019 1223 1056 1288 in
1084 1224 1135 1290 his
1164 1249 1219 1292 re-

127 1347 191 1412 bus
227 1345 322 1412 seriis
364 1341 522 1412 libidines
560 1347 780 1438 corporisque
814 1345 998 1438 voluptates
1036 1344 1218 1415 admodum

126 1468 291 1560 vigebant.
343 1470 573 1560 Quaecunque
607 1468 696 1534 enim
728 1483 902 1560 praeterea
927 1469 1112 1536 minorihus
1141 1492 1218 1537 cum

124 1591 309 1658 maioribus
338 1593 661 1672 communiaerant,
684 1561 836 1658 serenam
860 1589 1047 1685 laetamque
1072 1617 1154 1685 prae
1178 1619 1216 1662 ss

101 1705 240 1778 'serunt'
264 1715 424 1806 speciem.
486 1713 601 1808 Atque
625 1716 773 1808 primum
809 1711 948 1809 quidem
971 1713 1215 1809 lampadeph0³

121 1839 195 1918 ria,
231 1855 325 1930 quac'
341 1837 379 1904 in
403 1835 560 1904 ludorum
588 1837 818 1931 gymnicorum
847 1860 986 1904 numero
1012 1863 1083 1906 non
1107 1865 1208 1934 repo-

120 1959 233 2043 nitur,
271 1969 384 2028 ut'rum
408 1975 519 2042 antc,·
538 1985 581 2026 an
607 1962 770 2053 posthae
795 1959 1111 2044 ludcshabitasit,
1149 1987 1213 2032 nos

87 2081 92 2090 ”
118 2083 222 2178 fugit,
246 2101 351 2177 quum
378 2107 447 2173 pon
471 2079 573 2150 modo
598 2083 779 2175 scriptores
809 2081 896 2148 nihil
920 2081 962 2149 de
987 2084 1056 2151 hoc
1089 2084 1212 2154 ordine

121 2209 295 2291 referant,
322 2207 382 2276 sed
407 2221 450 2276 rie
476 2233 516 2276 ex
538 2210 666 2276 ratione
694 2207 852 2302 quidem,
879 2233 943 2301 qua
965 2207 1028 2274 alia
1053 2207 1136 2277 festa
1155 2233 1212 2278 ce-

120 2313 355 2412 labebantur,
379 2327 423 2396 de
444 2329 506 2397 hac
530 2354 569 2396 re
593 2328 735 2396 iudicari
761 2330 875 2421 possit.
933 2328 1086 2397 Attamen
1112 2334 1210 2400 nohis

120 2455 288 2522 conficere
313 2452 422 2534 liceat,
447 2450 756 2546 lam-padephoriam
768 2451 1044 2518 Panathenaicam
1068 2453 1109 2520 iis
1137 2452 1209 2520 die-

118 2577 184 2644 bus
210 2574 253 2642 ad
279 2560 453 2667 vesperam
478 2574 599 2642 iactam
622 2589 721 2655 esse,
738 2574 860 2666 quibas
879 2557 1126 2667 lucegyrnnica
1149 2579 1209 2644 ha·

43 2689 48 2700 ’
116 2698 506 2779 bebanturcertamiua,
531 2717 713 2792 propterea
738 2694 831 2790 quod
855 2695 949 2764 Plato
973 2693 1001 2781 ¹)
1023 2701 1060 2764 iu
1083 2700 1209 2768 Bendi-

116 2823 190 2891 deis
214 2822 259 2889 ad
286 2847 463 2916 vesperam
485 2819 697 2914 lampadibus
735 2839 896 2889 certatum
923 2847 994 2888 esse
1027 2821 1126 2903 (ficit,
1157 2826 1205 2891 ita

116 2969 153 3017 ut
179 2947 245 3015 boc
270 2949 307 3014 in
333 2946 572 3014 Panathenaeis
597 2967 735 3038 qaoque
760 2944 879 3012 eodem
901 2962 1054 3038 tempore
1077 2947 1203 3016 factum
1253 3013 1264 3026 ,

115 3097 189 3140 esse
212 3073 282 3137 veri
308 3070 512 3138 simillimum
543 3070 594 3136 sit.
655 3067 946 3161 Lampadcphoria
978 3069 1067 3134 enim
1098 3069 1203 3140 multo

115 3193 220 3286 inagis
247 3193 403 3259 cohaeret
427 3165 766 3258 concertaminibus
792 3191 972 3284 gymnicis,
999 3211 1099 3284 quam
1126 3220 1202 3262 cum

113 3317 267 3396 musicis,
280 3316 355 3384 etsi
379 3317 452 3408 ipsa
475 3311 543 3382 illis
567 3337 637 3381 non
652 3333 911 3382 annumeratur.
974 3316 1059 3382 Nam
1083 3339 1201 3408 magna

115 3441 269 3532 corporis
293 3440 525 3506 exercitatione
563 3439 599 3504 in
630 3463 703 3504 eam
737 3463 822 3531 opus
847 3437 948 3506 fuisse
983 3438 1134 3526 uidemus
1157 3463 1199 3506 ex

112 3564 335 3655 Aristophane
355 3556 395 3652 ²).
460 3562 579 3656 Neque
617 3585 695 3629 vero
732 3560 834 3628 fidem
863 3563 988 3629 hahere
1021 3587 1202 3655 possumus

110 3684 448 3778 auctori'argumcnti
472 3685 507 3752 in
533 3681 617 3752 Mid.
635 3677 666 3777 3)
692 3675 737 3752 ἐκ
765 3659 835 3780 qtio'
857 3686 893 3752 in
918 3683 1097 3772 maioribus
1123 3701 1197 3755 tarr·

106 3883 208 3892 .--....--
214 3881 355 3892 ..m-...-

112 4015 118 4056 1
165 4003 367 4084 ernastus.
465 4009 473 4020 ’

162 4105 190 4172 2)
212 4105 275 4158 ltan,
301 4108 373 4161 1⁰85-

161 4195 189 4273 A)
207 4207 233 4259 p.
252 4193 310 4244 510.
