2906 4882
551 423 825 492 -131-

148 622 274 715 phoras
307 617 409 711 peplo
451 616 597 683 texendo
632 614 804 709 praesides
832 615 1028 682 interfuisse.
1092 617 1225 683 Initium

149 741 285 812 texendi
321 742 486 834 faciebant
520 739 574 806 die
607 739 691 807 sesto
719 739 973 822 chaloeorum,
997 743 1018 806 i.
1042 765 1070 806 e.
1096 715 1239 833 Pyaue-¹

148 868 276 961 psionis
304 863 359 931 die
377 853 545 944 ‘ultim'o,³
563 863 608 930 ita
630 882 667 930 ut
701 863 831 932 adhoc
867 887 951 956 opus
982 863 1226 956 perficiendum

148 1001 269 1060 novem
284 987 365 1083 ,sere
382 991 528 1080 integros
553 1003 684 1058 menses
700 974 864 1058 ''conlems
890 976 1035 1081 possent.
1073 988 1227 1081 Ingenio
1292 977 1294 984 ¹

150 1116 280 1182 sissime
306 1129 415 1178 autem
433 1112 576 1180 coniecit
587 1112 791 1178 Lenormant
805 1110 1028 1205 arrhephoras
1047 1135 1117 1178 nou
1133 1111 1226 1177 fron-

151 1235 212 1304 des
252 1233 437 1327 oleaginus,
467 1234 503 1302 id
537 1234 629 1328 quod
655 1233 833 1302 Muellero
852 1233 1043 1328 placuerat,
1069 1234 1228 1302 «canistris

152 1359 263 1442 serre,
290 1358 358 1426 sed¹
374 1358 533 1451 reliquias
554 1357 665 1441 lanae,
693 1376 860 1452 quausee
883 1377 996 1428 essent
1019 1357 1062 1424 ad
1086 1355 1227 1451 peplum

150 1481 332 1550 texendum
344 1533 354 1565 ‚
382 1501 486 1576 quum
511 1481 611 1551 altera
637 1475 864 1580 Ἀρῤηφόρος
887 1483 987 1550 runnu
1012 1482 1103 1550 luera
1128 1482 1228 1550 etiam

57 1584 59 1591 i
150 1606 261 1672 fusum
281 1623 401 1672 tenere*
422 1604 580 1674 videatur.
620 1607 745 1690 ¹Quare
770 1605 1068 1688 verisimillimum
1093 1623 1152 1686 est,
1176 1629 1229 1672 eas

149 1747 286 1798 nomen·
299 1730 468 1821 accepisse
492 1729 532 1795 ab
560 1720 653 1823 ipsos
679 1723 810 1824 φέρειν,
835 1731 856 1796 i.
871 1713 898 1796 e.
913 1729 1023 1796 lanam
1043 1728 1142 1795 serre.
1168 1727 1229 1794 At-

153 1853 217 1944 qui
234 1877 335 1944 quum
357 1827 568 1920 manifestim
586 1856 628 1920 sit
645 1852 853 1920 sacerdotem
873 1851 965 1920 illam
983 1853 1160 1919 Minervae
1184 1852 1226 1918 ab

154 1974 373 2067 arrhephoris
409 1975 550 2044 canistra
582 1977 753 2069 accipere,
785 1999 895 2069 neque
927 1975 994 2044 hoc
1025 1976 1140 2068 negari
1165 1997 1230 2068 po·
1321 2017 1324 2024 ,

121 2115 237 2178 'test,
270 2098 410 2191 peplum
444 2123 601 2193 alpuero
634 2077 807 2167 'sacerdoti
844 2099 983 2166 barbato
1017 2099 1229 2191 sivespotius

150 2220 422 2317 Archonti'llegi
447 2222 566 2305 afferri,
594 2223 687 2317 quod
714 2242 894 2316 utrumque
920 2247 989 2290 non
1014 2220 1228 2289 recteintel-

150 2342 232 2410 lexit
254 2343 438 2418 Muellerus
462 2348 520 2441 qui
541 2345 751 2414 sacerdotem
767 2347 942 2414 Minervae
973 2346 1152 2414 canistrum
1174 2369 1228 2416 cs-

152 2447 522 2561 piti'arrhephorarum
546 2472 724 2564 imponere
752 2488 786 2537 et
806 2471 914 2538 virum
935 2468 1031 2536 illum
1051 2469 1228 2536 barbatum

153 2609 268 2680 puero
284 2589 428 2682 peplum
452 2591 586 2659 tradere
611 2595 763 2687 opinatus
791 2612 848 2660 est.
898 2593 1019 2660 Utrum
1036 2609 1154 2659 antem
1177 2590 1228 2660 vir

143 2709 221 2777 ·ille=
245 2713 420 2808 barbatus
437 2714 495 2805 qui
524 2713 666 2806 peplum
699 2741 766 2809 quo
798 2717 972 2784 Minervae
1002 2715 1148 2786 poliadis
1184 2717 1228 2781 si-

153 2858 256 2928 gnum
280 2835 445 2916 vestiatur,
469 2836 684 2928 expliciturus
711 2856 760 2905 est
766 2887 789 2920 ,-
808 2835 983 2933 ἱεροποιός
1007 2842 1065 2922 sit,
1096 2866 1139 2906 an
1164 2831 1228 2930 ἄρ-

155 2977 232 3050 χων
257 2951 441 3049 βασιλεύς,
467 2957 625 3050 equidem
652 2959 837 3043 diiudicare
861 2985 932 3029 non
957 2964 1069 3030 ausim.
1322 2931 1325 2939 s

158 3164 171 3172 -
255 3081 309 3147 De
335 3078 440 3172 peplo
463 3082 537 3174 ipso
563 3084 677 3174 paucis
702 3081 872 3151 disserere
899 3087 974 3152 satis
1011 3088 1091 3164 erit,
1127 3107 1258 3179 quum¹

156 3203 261 3295 qualis
284 3203 387 3270 suerit
414 3222 448 3270 et
471 3204 627 3271 nonnulli
657 3209 859 3299 scriptorum
882 3206 950 3286 loci
977 3225 1010 3274 et
1034 3227 1137 3276 statua
1161 3208 1228 3274 Mi-

155 3351 279 3393 nervae
306 3328 486 3396 clarissima
512 3330 635 3426 Musei
655 3329 861 3398 Dresdensis
888 3357 974 3425 quae
1007 3330 1113 3426 peplo
1143 3333 1230 3398 Pan-

65 3465 68 3472 '
154 3449 330 3519 athenaieo
354 3443 470 3518 induis
498 3453 565 3534 est,
599 3461 664 3520 nos'
688 3453 861 3524 edoceant.
913 3455 1005 3538 Quae
1031 3455 1185 3522 Minerva
1208 3481 1229 3522 a

156 3573 331 3666 plerisque
356 3570 560 3668 Πρόμαχος
586 3551 736 3658 vocatur,
760 3577 1085 3669 etsiAristophanes
1103 3575 1150 3661 ²7)
1178 3576 1232 3643 di·
1257 3619 1260 3628 =

155 3698 252 3761 sertis
286 3699 397 3764 verbis
420 3698 541 3781 dicit,
578 3699 721 3794 peplum
758 3701 795 3765 in
824 3723 963 3792 pompa·
983 3699 1228 3770 Panathenaica

153 3807 343 3916 portatum,
384 3825 558 3892 Minervae
591 3823 720 3892 Palladi
762 3849 891 3892 sacrum
926 3821 1008 3893 dsse.
1073 3824 1226 3893 Tradunt

154 4037 432 4060 m..........-—¹-.-

192 4196 236 4264 27)
252 4149 300 4246 liv·
320 4199 380 4254 828.
406 4215 462 4269 sqq.
