2920 4868
647 402 894 469 ...62-

226 597 363 664 victoria
370 647 380 676 ,
405 621 497 664 mem
522 596 659 674 abiecit,
684 601 733 662 rir
757 593 928 688 palliatus,
957 597 1015 688 qui
1039 597 1308 687 gymnasiarchus
1437 673 1439 684 A

226 719 399 788 habendus
434 737 492 786 est
554 723 762 812 Quamquam
801 722 892 785 euim
930 719 1131 786 athlothctae
1168 719 1309 814 reliquis
1437 761 1439 840 p

225 839 314 906 ludis
344 856 537 932 praeerant,
571 839 882 934 lampadephnriam
911 857 1022 908 umen
1055 843 1217 908 mabam
1248 869 1309 938 gy·
1438 869 1439 942 ᾖ

224 964 423 1030 mnasiarchi
449 962 595 1044 decem,
633 987 777 1058 quorum
802 989 822 1030 e
846 989 981 1058 quaque
1014 963 1134 1032 decem
1161 966 1310 1034 unum

225 1087 346 1182 singuli
380 1085 595 1182 eligebantur.
657 1087 722 1169 Qui
754 1087 997 1178 gymnasiarchi
1025 1089 1160 1181 optimis
1195 1087 1311 1181 reipu-

224 1209 334 1278 blicae
365 1212 577 1278 Atheniensis
612 1210 820 1302 temporibus
855 1213 956 1276 annui
1000 1228 1094 1278 erant
1134 1225 1237 1305 atque
1272 1215 1310 1279 in

224 1359 352 1403 suumn
377 1335 508 1402 honore
532 1334 751 1400 habebantur.
817 1334 892 1400 lluc
916 1337 1007 1400 enim
1044 1353 1174 1430 spectat
1195 1336 1309 1403 titulus

225 1459 438 1525 Atheniensis
458 1448 525 1542 33),
560 1459 618 1549 qui
644 1455 727 1524 dicit
753 1455 952 1524 Chaeronia
977 1460 1138 1526 archonte
1168 1484 1310 1528 corona-

224 1599 295 1647 tnm
320 1606 391 1648 esse
417 1607 436 1646 a
460 1579 637 1646 tribulibus
662 1579 962 1662 Autosthenidem,
1002 1583 1309 1650 Panathenacornm
1438 1645 1439 1684 i

224 1705 514 1798 gymnasiarchum
546 1702 616 1790 (Ol.
644 1706 724 1782 110,
748 1701 806 1787 3),
838 1707 896 1795 qui
926 1707 1098 1773 Mercurio
1135 1699 1309 1796 ἐναγωνίῳ

225 1831 363 1922 cippum
387 1851 609 1895 marmoreum
625 1825 801 1892 dedicarit.
850 1830 1040 1895 Mercurius
1055 1832 1144 1895 enim
1165 1834 1308 1897 maxime

223 1955 372 2020 omnium
397 1950 541 2019 deornm
571 1951 807 2017 certaminibus
831 1954 991 2044 cuinsqne
1023 1956 1154 2044 generis
1187 1978 1308 2047 praee-

221 2093 289 2156 rat,
313 2079 358 2142 ita
383 2093 438 2156 ut,
472 2079 599 2142 etiamsi
633 2074 910 2168 lampadephoria
941 2079 977 2141 in
1002 2079 1174 2144 Minervae
1198 2079 1308 2146 hono·

220 2225 293 2268 rem
312 2201 510 2279 haberetur,
534 2199 583 2266 illi
609 2216 723 2265 umen
748 2201 872 2291 gratiae
896 2202 948 2292 agi
973 2217 1138 2292 poterant.
1194 2203 1306 2296 Atque

220 2323 320 2390 simili
343 2321 447 2390 modo
472 2319 596 2413 Apollo
621 2337 781 2413 tanquam
804 2319 961 2388 ludorum
985 2321 1187 2389 musicorum
1206 2351 1306 2417 prae-

220 2473 274 2517 ses
300 2473 377 2515 cum
401 2447 708 2513 Panathenaeorum
730 2443 820 2511 ludis
844 2447 978 2513 musicis
1005 2449 1201 2513 coniunctus
1218 2461 1310 2532 erat;'

219 2593 393 2662 nunquam
430 2569 520 2633 enim
552 2567 674 2633 Gracci
707 2568 743 2631 in
782 2566 919 2660 siugulis
958 2569 1111 2635 sacrificii
1142 2569 1196 2637 rel
1231 2571 1305 2639 festi
1437 2635 1438 2658 χ

219 2683 358 2760 alicuius
382 2688 501 2768 rebus,
536 2713 678 2780 quas-um
701 2712 829 2752 summa
860 2687 999 2782 quidem
1037 2693 1098 2756 nni
1122 2690 1189 2758 deo
1214 2711 1305 2760 certo

220 2842 313 2885 sacra
339 2833 411 2882 erat
447 2813 498 2899 (ut
522 2811 751 2878 Panathenaea
775 2814 948 2880 Minervae
972 2811 1117 2898 Poliadi)
1152 2817 1223 2882 eius
1248 2815 1302 2882 dei
1418 2863 1436 2894 r

219 2937 521 3018 obliviscebanurr,
545 2934 589 3003 ad
615 2959 715 3030 quem
740 2938 948 3026 potissimum
972 2937 1120 3030 singulae
1144 2963 1199 3006 res
1224 2967 1303 3035 per-

218 3058 387 3136 tinebant,
412 3081 513 3150 quem
538 3057 581 3124 ob
607 3082 681 3124 rem
704 3056 888 3150 palaestrae
909 3059 1039 3124 Atticae
1059 3067 1226 3158 cuiusque
1246 3057 1309 3158 'ges

217 3185 308 3250 neris
333 3182 466 3250 Hermu
490 3180 644 3274 phallicis
668 3181 750 3247 inde
775 3183 817 3246 ab
849 3182 1085 3275 antiquissimis
1111 3191 1195 3255 ‘cartis
1219 3207 1304 3256 tem.

218 3307 358 3401 poribus
390 3319 524 3373 ornatae
561 3318 663 3368 crant
727 3305 795 3368 Tot
827 3319 938 3369 autem
969 3307 1163 3374 testimoniis
1194 3310 1309 3403 iisque·
1436 3379 1437 3396 χ

219 3429 408 3497 certissimis
435 3424 666 3504 confirmatur,
707 3427 974 3516 gymnasiarchos
1004 3429 1186 3521 praefuisse
1219 3431 1304 3508 lam-

216 3551 464 3648 padephoriae,
487 3566 523 3613 nt
547 3547 691 3617 Pollucis
710 3541 760 3631 34)
783 3549 903 3615 verba:
929 3547 951 3616 ὁ
975 3540 1017 3617 δὲ
1032 3550 1213 3630 Βασιλεὺς
1234 3575 1301 3643 μυ-

217 3669 372 3769 στηρίων
410 3669 607 3767 προέστηκε
643 3667 740 3760 μετά
769 3663 846 3740 ’τῶν
870 3668 1112 3763 Ἐπιμελητῶν
1138 3674 1201 3744 καὶ
1225 3679 1301 3760 Λη-

246 4003 293 4073 33)
311 4001 419 4052 Titulus
440 3954 522 4052 inodo
535 4009 755 4052 commemoratus
772 4010 828 4054 not.
845 4005 889 4056 3ο.
925 4005 1018 4058 Plures
1041 4003 1076 4058 de
1093 4003 1302 4077 gymnasiarchis

312 4089 385 4140 locos
403 4088 456 4140 vid.
475 4106 515 4160 ap.
536 4089 650 4140 Bneckh.
671 4089 787 4142 Staatsh.
805 4091 823 4140 1.
846 4093 911 4162 ⁴97,

247 4175 446 4246 nwmn
