2920 4868
562 437 806 504 ..37-

136 633 229 728 quod
257 634 327 703 vult
352 632 542 718 Meursiu53
580 633 703 700 etenim
727 626 1038 724 lampadephotiam
1064 629 1233 700 Panathe-

134 760 264 824 naicam
289 759 325 823 iu
354 757 530 824 Ceramico
557 755 705 822 habitam
730 779 820 836 esse,
845 777 915 820 non
939 756 975 825 in
999 755 1156 835 Piraeeo,
1179 757 1232 820 iu-

135 880 185 947 sra
209 879 410 947 videbimus.
464 878 575 947 Procli
605 879 706 972 igitur
738 901 843 972 quum
881 901 945 944 nec
970 875 1073 944 fidem
1109 895 1234 946 certam

134 1029 247 1098 neque
274 1004 376 1070 verba
401 1002 506 1070 modo
534 1017 793 1071 commemorata
818 999 955 1078 definita
980 1024 1053 1068 esse
1079 1019 1230 1095 apparet,

136 1145 170 1194 et
193 1145 368 1220 praeterea
392 1124 540 1194 Platonis
565 1124 659 1192 locus
686 1151 705 1190 a
726 1125 876 1192 Meursio
896 1149 1078 1218 perperam
1102 1123 1146 1192 ad
1168 1126 1234 1192 Pa-

137 1252 322 1317 nathenaea
346 1250 529 1331 referatur,
556 1247 691 1316 Samuel
713 1249 839 1316 Petitus
860 1240 916 1338 ¹¹),
941 1249 1007 1314 nisi
1030 1246 1140 1331 fallor,
1161 1249 1234 1342 pri-

138 1397 210 1439 mus
237 1374 423 1440 Meursium
446 1373 590 1441 refutare
616 1371 751 1440 studuit.
820 1371 957 1438 Rectam
990 1388 1100 1438 autem
1130 1396 1233 1464 quam

138 1497 307 1589 ingressus
332 1514 381 1562 est
405 1496 509 1578 viam,
537 1495 694 1563 subsidiis
719 1519 784 1562 nec
806 1495 1043 1562 sufficientibus
1068 1518 1133 1561 uec
1153 1496 1231 1563 satis

106 1699 115 1713 Α*
140 1620 243 1686 firmis
270 1621 419 1686 munivit.
484 1619 635 1695 Relutato
677 1620 767 1686 enim
804 1618 988 1686 rectissime
1025 1637 1233 1712 argumento,

141 1742 234 1837 quod
258 1743 425 1810 Meursius
453 1768 493 1809 ex
516 1741 734 1836 Reipublicae
759 1725 837 1812 loco
860 1760 1067 1833 sumpserat,
1099 1743 1227 1809 Petitus

140 1888 275 1958 quoque
296 1862 483 1930 Aristotelis
516 1863 639 1932 Rhodii
676 1866 777 1934 verba
810 1864 853 1931 de
878 1862 1056 1960 Plynteriis
1093 1885 1126 1935 et
1152 1865 1232 1942 Cal-

139 1984 289 2080 lynteriis
314 1984 531 2077 intelligenda
567 2012 639 2054 esse
675 2006 789 2055 censet
812 1981 878 2079 ¹²),
918 1989 1092 2083 Stagiritae
1118 2009 1231 2061 autem

142 2107 180 2174 ἐκ
203 2101 275 2176 τῶν
300 2105 571 2188 Παναθηναίων
596 2107 617 2175 ὁ
644 2102 756 2188 πλοῦς
786 2129 878 2180 recte
907 2114 953 2178 ita
982 2114 1232 2206 interpretatur,

143 2251 178 2308 ut
201 2232 423 2326 philosophus
449 2231 492 2298 de
515 2251 666 2325 tempore
690 2235 838 2327 suscepti
862 2225 1091 2330 τριηραρχῶν
1113 2259 1233 2302 mune-

143 2357 187 2423 ris
209 2355 375 2449 loquatur.
425 2356 558 2424 Deinde
597 2355 690 2423 affert
712 2355 827 2423 locum
856 2359 968 2450 magui
992 2357 1154 2425 momenti
1188 2355 1232 2422 ad

146 2505 237 2546 suam
275 2478 319 2545 de
342 2481 580 2548 Panathenaeis
605 2481 896 2549 Hecatombaeone
919 2482 1065 2575 peractis
1097 2498 1232 2547 senten·

146 2605 224 2671 tiam
249 2602 460 2696 probandam
486 2629 504 2668 e
530 2604 765 2696 Demosthenis
791 2607 941 2684 oratione
967 2603 1038 2672 adv.
1058 2605 1234 2680 Timocra-

145 2746 211 2795 tem
235 2722 373 2820 ¹³)‚'qui
399 2725 600 2794 duodecimo
626 2727 927 2796 Hecatombaeonis
954 2727 1009 2795 die
1036 2727 1234 2795 concionem

145 2850 318 2932 indicavit,
355 2842 415 2915 ἐπὶ
452 2841 499 2942 τῇ
523 2841 607 2916 τῶν
644 2842 917 2930 Παναθηναίων
951 2847 1139 2946 προφάσει
1147 2899 1159 2934 ,
1199 2869 1236 2932 ut

145 2972 254 3065 legem
285 2969 397 3054 ferret.
464 2972 571 3054 Quam
600 2967 711 3061 legem
745 2970 845 3037 latam
881 2996 953 3038 esse
985 2971 1106 3040 eodem
1135 2998 1235 3056 euno,

147 3122 213 3192 quo
240 3098 447 3163 Timocrates
485 3111 655 3160 aecusatus
682 3111 732 3160 est
741 3143 751 3175 ,
795 3113 935 3187 apparet
968 3121 1008 3162 ex
1043 3120 1106 3178 eo,
1142 3097 1236 3192 quod

145 3222 255 3290 adhuc
279 3218 481 3296 ὑπεύθυνος
507 3237 584 3285 erat„
634 3219 816 3285 Accusatus
851 3237 900 3286 est
925 3240 1035 3290 autem
1059 3224 1234 3290 Timocra-

148 3365 195 3413 tes
221 3369 307 3412 auno
333 3343 388 3411 Ol:
405 3342 484 3424 106,
501 3339 542 3424 4,
568 3343 728 3410 archonte
745 3343 968 3437 Euthydemo‚
994 3347 1105 3440 itaque
1131 3349 1235 3412 Pana·

151 3509 422 3524 w·

186 3609 228 3680 tt)
250 3609 327 3678 Legg.
347 3609 402 3663 Au.
417 3627 444 3679 p.
458 3612 497 3663 ἰ8
515 3625 575 3678 sqq.
595 3607 689 3676 (Paris.
713 3610 865 3682 1635.f01.)

182 3700 224 3767 ια)
243 3699 325 3748 Recte
346 3705 436 3748 autem
455 3697 556 3748 Petitur
577 3696 713 3762 Plynteria
732 3697 849 3750 XXVmo
868 3697 1056 3766 Thargeliouis
1076 3697 1133 3749 diei
1153 3700 1233 3750 attri-

248 3781 322 3847 buit,
340 3800 422 3852 quum
441 3783 512 3833 Plut.
531 3782 629 3848 (Alcib.
649 3799 671 3836 c.
694 3785 739 3854 34)
766 3801 797 3834 ea
817 3785 1012 3856 Θαργηλιῶνος
1031 3787 1091 3859 ἕκτη
1112 3792 1232 3858 φθίνον-

249 3888 294 3932 τος
314 3879 374 3922 acta
391 3887 449 3920 esse
476 3869 557 3922 dicat.
606 3871 684 3923 Errat
710 3871 792 3939 igitur
812 3871 946 3924 Meursius
973 3874 1032 3940 (Gr.
1051 3875 1099 3924 fer.
1115 3891 1135 3924 s.
1153 3873 1180 3923 b.
1197 3874 1232 3943 v.)

249 3958 298 4028 qui
310 3957 468 4008 XXV'lmnm
485 3957 564 4008 huius
579 3960 679 4010 mensis
695 3958 767 4008 diem
787 3962 872 4012 affert.
909 3959 1029 4011 Eundem
1046 3969 1137 4012 autem
1151 3976 1232 4030 quem

250 4047 399 4096 Muellerus
418 4045 496 4112 (Min.
515 4044 569 4096 Pol.
589 4063 616 4113 p.
634 4051 680 4115 ²7)
698 4045 799 4098 fecerat
816 4048 1084 4110 errorem,*correxit
1102 4046 1133 4098 V.
1152 4047 1185 4098 D.
1202 4048 1231 4100 in

251 4133 355 4184 Handb.
377 4131 402 4182 d.
422 4131 561 4183 Archaeol.
579 4133 600 4204 §.
621 4133 714 4202 69.Ἀ.

186 4223 226 4292 13)
247 4237 272 4290 p.
293 4223 353 4289 708,
371 4218 460 4270 Reislt.
