2920 4868
685 423 931 493 ...46-

258 642 296 690 nt
327 607 522 702 credamus,
560 623 690 687 minora
725 619 844 688 eodem
879 639 1030 712 tempore
1069 636 1141 688 acta
1179 642 1252 686 esse
1282 643 1353 714 quo

256 749 382 814 maiora
408 742 503 837 quod
524 746 560 809 in
586 745 736 837 utrisque
767 743 905 810 eaedem
930 743 1031 836 plane
1059 766 1112 808 res
1138 741 1284 824 fiebant,
1324 745 1353 809 si

257 870 383 961 excipis
409 866 586 961 peplum,=
608 867 654 934 ita
691 883 728 932 ut
764 865 828 932 hac
862 863 933 932 sola
971 890 1010 931 re
1048 864 1236 932 differentia
1260 868 1352 932 inter

239 995 382 1060 imaiora
407 1009 441 1058 et
465 992 595 1057 minora
620 991 751 1057 nitatur.
808 989 932 1082 Negari
968 986 1108 1083 quidem
1131 1012 1202 1056 non
1225 1004 1350 1080 potest,

255 1116 445 1210 posteriore
468 1133 619 1208 tempore
644 1111 742 1180 ludos
765 1113 937 1206 gymnicos
956 1113 1170 1204 musicosque
1185 1110 1352 1177 Panathe-

252 1263 414 1306 nacorum
437 1240 602 1306 maiorum
623 1259 700 1303 cum
722 1234 946 1329 splendidiori
967 1234 1105 1302 fortasse
1122 1234 1345 1303 sollemnitate

247 1365 385 1432 habitos
412 1385 608 1453 essequam
631 1361 819 1441 minorum,
846 1360 907 1426 etsi
932 1356 1062 1425 dehac
1089 1357 1278 1425 differentia
1295 1361 1347 1424 in-

255 1506 307 1554 ter
331 1505 473 1580 utraque
498 1481 584 1549 nihil
610 1485 693 1550 certi
719 1481 811 1576 apud
837 1502 966 1551 veteres
991 1480 1141 1574 legimus.
1194 1484 1265 1547 lam
1285 1483 1347 1572 igi-

163 1657 172 1676 ,
248 1629 326 1693 tur,
367 1635 472 1704 quum
501 1605 622 1673 eodem
654 1629 769 1672 mense
801 1606 1052 1674 celebrarentur
1076 1623 1240 1698 utraque,
1278 1629 1345 1672 nou

252 1747 306 1795 est
327 1753 465 1809 caussa,
503 1751 564 1794 cur
588 1729 718 1795 minora
749 1727 823 1810 his,
863 1730 988 1795 maiora
1018 1730 1089 1797 aliis
1116 1728 1237 1794 diebus
1263 1727 1347 1794 facta

174 1839 177 1846 ¹
254 1854 329 1920 siut.
379 1853 514 1917 Minora
539 1869 647 1916 autem
674 1849 817 1917 vidimus
842 1851 993 1919 incidere
1019 1854 1057 1920 in
1080 1853 1347 1920 Hecatombaeo-

249 1997 330 2039 nem
356 1972 445 2036 circa
466 1971 652 2053 Metoecia‚
693 1955 786 2039 irnde
810 1999 848 2040 ea
885 1977 993 2043 statim
1020 1996 1097 2068 post
1129 1979 1196 2044 hoc
1223 1977 1345 2044 festum

248 2096 382 2161 initium
408 2097 538 2186 cepisse
566 2096 788 2181 coniecimus3
831 2115 932 2190 atque
958 2079 1063 2190 quuin
1087 2098 1211 2192 peplos
1238 2100 1345 2167 ferre-

247 2237 303 2286 tur
330 2219 480 2286 ciusdem
512 2221 635 2286 mensis
673 2219 729 2286 die
760 2222 979 2303 XXVlllmo,
1018 2225 1108 2291 huuc
1140 2223 1233 2290 diem
1272 2247 1343 2290 esse

245 2343 322 2410 sesti
343 2344 445 2411 finem
471 2344 682 2410 statuendum
710 2362 781 2426 est,
821 2365 1002 2439 propterca
1042 2346 1135 2441 quod
1169 2371 1214 2413 ne
1241 2370 1344 2412 unum

250 2465 391 2559 quidem
417 2467 625 2533 Graecorum
661 2467 782 2533 festum
816 2469 858 2534 ab
883 2467 987 2535 altero
1013 2470 1050 2535 in
1081 2457 1224 2536 alterum
1250 2495 1343 2534 men-

249 2613 320 2654 scm
357 2607 564 2682 pertractum
603 2608 663 2658 cst.
714 2589 836 2684 ltaque'
868 2615 972 2684 quum
1008 2591 1080 2658 dies
1117 2615 1265 2683 pompae
1302 2594 1343 2657 sit

246 2710 401 2792 ultimus,
439 2731 531 2778 retro
558 2731 635 2779 sunt
658 2714 857 2780 numerandi
883 2714 955 2781 dies
984 2741 1002 2781 a
1027 2716 1186 2782 vicesimo
1212 2734 1340 2796 octavo,

247 2850 284 2899 ut
309 2855 565 2925 cognoscamus,
592 2859 694 2926 quam
720 2833 779 2900 diu
803 2834 905 2903 feriae
930 2856 1062 2904 nostrae
1087 2835 1291 2904 duraverint.

331 2955 454 3048 ,Supra
489 2954 753 3023 demonstratum
779 2977 845 3040 est,
885 2959 1124 3026 Panathenaea
1159 2960 1341 3028 institutio·

246 3102 327 3144 nem
351 3104 444 3145 suam
469 3077 650 3148 duodecim
682 3083 777 3174 pagis
802 3108 821 3148 a
848 3081 980 3147 Theseo
1019 3083 1054 3147 in
1083 3107 1184 3147 uuam
1218 3085 1340 3148 urbem

247 3200 396 3269 collectis
422 3201 565 3286 debere,
591 3206 637 3271 ita
662 3221 699 3270 ut
725 3207 767 3272 ab
792 3205 857 3298 hac
882 3202 1018 3271 demum
1042 3229 1079 3270 rc
1104 3207 1214 3296 prima
1240 3207 1339 3273 huius

244 3327 389 3392 nominis
414 3323 541 3420 syllaba
567 3326 749 3393 derivanda
775 3330 826 3395 sit.
889 3327 1010 3410 Quanti
1040 3345 1150 3392 autem
1174 3331 1339 3395 momenti

146 3497 148 3502 ,
244 3449 282 3514 in
305 3448 408 3515 rebus
432 3449 551 3516 Atticis
577 3447 678 3516 fuerit
703 3451 760 3517 hic
784 3474 964 3530 numerus,
996 3448 1193 3542 intelligitur
1227 3477 1268 3518 ex
1297 3477 1337 3519 co

245 3569 339 3663 quod
364 3543 545 3639 duo‘decim
569 3572 739 3664 phratriae
763 3595 838 3639 cum
863 3568 929 3636 illis
955 3569 1135 3637 duodecim
1159 3575 1256 3663 pagis
1281 3599 1339 3642 co-

241 3693 382 3760 haerere
406 3693 563 3761 nonnulli
591 3712 794 3760 censuerunt
818 3687 883 3777 ¹⁶);
909 3710 1019 3758 utrum
1045 3675 1163 3758 merito
1175 3744 1186 3774 ‚
1212 3720 1335 3776 necne,

242 3840 313 3884 non
339 3818 537 3909 quaerimus.
589 3815 675 3884 Satis
697 3833 807 3882 autem
830 3832 974 3896 constat,
999 3839 1176 3880 numerum
1202 3814 1338 3884 duode-

239 4006 514 4024 Ἤ

273 4112 315 4183 16)
336 4113 496 4172 Buttmann,
525 4111 614 4162 Ueber
640 4109 666 4160 d.
693 4068 843 4162 Phralrien.
862 4105 998 4160 Abhandl.
1028 4105 1054 4159 d.
1074 4104 1108 4156 K.
1124 4105 1228 4159 Preuss.
1247 4107 1336 4161 Alad.

339 4200 364 4252 d.
387 4199 555 4254 Wlssensch.
578 4201 652 4254 1818.
