2906 4882
507 445 776 516 —113-

94 639 262 735 palliatae,
289 643 414 736 p'aetim
440 640 681 724 adolescentes,
707 643 829 735 partim
850 666 945 710 senes
973 668 1058 739 quos
1083 641 1179 741 Setiax

95 763 278 862 λοφόρους
314 793 458 860 quocum
491 767 671 859 scriptores
703 768 909 832 mentionem
933 767 1074 853 faciunt,
1108 795 1179 838 esse

94 892 288 959 Viscontius
315 909 436 958 censet.
472 887 573 956 Illud¹
598 892 759 983 suspicari
795 889 933 983 quidem
957 891 1052 976 licet,
1086 891 1179 962 frona

95 1013 153 1082 des
186 1039 309 1082 aureas
334 1014 386 1083 vel
415 1039 532 1080 aeneas
558 1015 594 1080 in
618 1012 754 1081 illorum
778 1015 930 1102 manibus
964 1013 1082 1101 fuisse3
1117 1043 1178 1085 nc-

98 1163 161 1230 que
200 1148 317 1206 anien
355 1139 421 1204 hoc
460 1161 500 1204 ex
538 1138 773 1206 bracchiorum
808 1155 841 1204 ct
872 1163 1030 1208 manuum
1064 1141 1182 1208 habitu

99 1263 204 1328 evinci
236 1279 360 1356 potest.
419 1263 525 1328 Immo
558 1262 593 1328 in
617 1263 787 1330 Minervae
819 1263 986 1330 honorem
1017 1264 1181 1357 hymnum

99 1409 217 1452 canere
252 1383 435 1466 videntur,
466 1410 569 1480 quum
600 1406 641 1450 ex
665 1383 850 1452 Heliodoro
872 1381 916 1471 ¹4)
950 1389 986 1452 in
1017 1389 1180 1456 Panathe-

99 1511 186 1576 naeis
206 1509 438 1578 adolescentes
463 1510 500 1574 in
525 1509 622 1574 huius
650 1507 733 1574 dene
752 1509 916 1576 honorem
933 1535 1095 1603 paeanem
1123 1537 1179 1580 ce-

102 1633 218 1700 cinisse
242 1635 396 1702 sciamus.
433 1628 576 1699 Accedit
601 1631 694 1724 quod
719 1632 755 1698 in
778 1633 868 1700 hunc
893 1634 1043 1726 Zophori
1068 1634 1182 1702 locum

98 1756 120 1819 ii
146 1758 205 1848 qni
231 1757 399 1851 hymnum
422 1773 553 1837 canant,
578 1755 682 1821 multo
704 1754 822 1821 melius
843 1758 1053 1839 conveniunt,
1081 1773 1197 1852 quam¹

100 1879 134 1944 in
156 1879 241 1948 latus
267 1877 515 1960 meridionale,
545 1879 605 1944 ubi
626 1906 645 1944 a
669 1881 783 1972 quavis
810 1904 909 1946 socna
929 1883 1055 1948 musica
1080 1875 1181 1982 prce·
1281 1923 1289 1942 ι

102 2027 153 2068 sus
175 2004 322 2072 seiuncti
345 2019 464 2068 essent.
511 2002 552 2066 In
576 2002 640 2067 hac
665 2007 778 2068 actem
802 2001 913 2067 lateris
937 2006 1181 2096 septentriona-

102 2122 140 2192 lis
161 2145 258 2219 patte
287 2148 404 2192 eorum
427 2150 549 2218 agmen
576 2142 699 2217 cogunt
724 2127 781 2218 qui
806 2141 921 2191 soenes
940 2129 1081 2193 musicas
1100 2151 1182 2194 cona

103 2250 247 2318 stitnunt.
301 2248 424 2341 Negari
449 2247 588 2342 quidem
611 2255 680 2315 non
705 2265 835 2341 potest,
862 2247 1038 2321 nonnullas
1062 2251 1182 2318 hatum

104 2369 219 2440 decem
243 2374 426 2466 figusarum
460 2397 529 2440 non
559 2396 698 2451 enneae,
730 2370 792 2436 sed
817 2395 1005 2438 sermonem
1029 2373 1181 2440 conserte

102 2493 216 2578 videri,
243 2497 429 2564 dummodo
454 2498 518 2562 hec
540 2497 577 2562 in
601 2521 638 2562 re
662 2493 782 2560 tabulis
808 2495 1009 2576 Cosmianis,
1037 2521 1077 2561 ex
1104 2499 1180 2589 qui-

101 2616 160 2685 bus
180 2623 393 2692 Lenomaant
411 2621 499 2686 hanc
522 2621 673 2712 Zophoei
698 2634 828 2712 partem
856 2618 972 2700 edidit,
994 2617 1096 2686 fidem
1121 2619 1181 2688 lte-

103 2739 182 2810 bere
207 2743 320 2810 liccat.

200 2869 309 2933 Hasce
340 2865 461 2958 ligures
499 2891 580 2959 quas
612 2887 774 2957 paeonem
806 2851 925 2930 canei-e
956 2861 1059 2931 modo
1092 2861 1178 2931 dixi-

103 3011 185 3070 mus,
210 2988 422 3083 praeccdnnt
446 3007 601 3082 quattuor
628 2988 813 3058 citharistae
839 2984 890 3054 vel
920 2985 1105 3054 citharoedi
1120 2985 1175 3073 ¹5),

105 3137 246 3204 quorum
287 3112 354 3180 duo
386 3111 635 3192 adolescentes,
671 3109 739 3178 duo
779 3133 873 3176 senes
906 3107 990 3177 sunt
1049 3112 1177 3204 Omnes

105 3235 212 3303 induti
237 3253 313 3302 sunt
344 3234 443 3329 longa
476 3238 585 3303 tunice
615 3235 727 3301 Ionica
755 3251 788 3299 et
814 3232 998 3327 chlamyde.
1049 3234 1180 3301 Tibici-

106 3381 165 3426 ncs
190 3381 302 3430 autem
327 3377 482 3453 quattuor
514 3361 571 3453 qui
604 3356 1042 3450 citharoedosantecedunt
1067 3360 1177 3424 tnnica

210 3741 337 3791 cedentes
361 3737 494 3800 ostendit,
521 3751 577 3788 non
598 3740 685 3785 exstat
703 3732 732 3784 in
752 3730 822 3783 Mus.
842 3725 922 3791 Brit,
954 3723 1001 3794 sed
1029 3744 1062 3780 ex
1078 3725 1178 3782 tabuiis

215 3826 313 3877 Carreii
334 3824 497 3876 adumbratis
513 3824 627 3893 primum
653 3819 759 3886 chalybi
778 3819 860 3870 incisa
878 3824 920 3868 est
944 3833 987 3886 ep.
1009 3817 1178 3871 Lenommnt.

213 3911 251 3977 pl.
270 3913 303 3975 V,
324 3928 349 3963 a.
401 3953 402 3958 ,
495 3931 498 3940 =

150 4002 194 4072 td)
210 4005 333 4075 Aethiop.
354 4007 374 4055 Ι.
393 4021 420 4073 p.
441 4006 478 4057 18.

148 4096 189 4166 at)
207 4098 241 4149 lli
261 4099 409 4152 citharoedi
432 4104 515 4168 atque
532 4096 659 4149 tibicines
679 4091 728 4163 qni
747 4107 793 4144 eoa
811 4087 976 4144 antecedunt
989 4097 1096 4144 exstant
1114 4107 1184 4144 nona

215 4177 1184 4252 mdmmmemmmexwfflnmmmmnmmmm

212 4275 469 4344 mmmmm&

966 4371 987 4436 8
