2920 4868
390 1342 952 1440 PROOEMIUM.

575 1630 770 1646 -ss-—nn

132 1981 233 2102 Etsi
255 2033 423 2099 recentior
454 2036 685 2127 antiquitatum
712 2033 915 2101 Graecarum
949 2037 1093 2131 scriptor
1111 2039 1219 2136 *cuius

133 2182 212 2252 opus
241 2182 279 2221 ea
303 2157 432 2222 rationo
461 2181 500 2222 ae
522 2155 612 2250 lege,
649 2183 715 2250 qua
748 2183 802 2224 res
835 2139 1004 2241 tractavit,
1038 2159 1220 2228 admodum

131 2277 282 2359 excellit,
316 2277 411 2343 nulla
436 2302 473 2344 re
498 2279 645 2346 homirzir
668 2285 847 2372 ingenium
873 2284 983 2372 tnagis
1009 2279 1217 2375 defatigari,
1270 2265 1273 2278 ⁸

128 2426 231 2493 prtum
255 2400 329 2465 lata
353 2397 486 2466 dierum
505 2399 684 2488 fe's'torum
715 2407 962 2478 enarratione,
995 2403 1092 2474 dicit:
1134 2406 1221 2472 nihi·

128 2525 274 2620 lominus
300 2541 410 2590 tamen
436 2548 454 2588 a
477 2547 515 2590 re
538 2526 713 2618 proposita
733 2550 786 2591 me
810 2525 935 2594 abduci
960 2550 1028 2594 nou
1054 2551 1128 2594 sum
1145 2515 1241 2624 pas-¹

129 2673 204 2730 sus,
231 2670 369 2739 sperans
391 2645 488 2712 huius
515 2647 682 2739 opinionis
697 2645 864 2714 levitatem
884 2667 950 2715 tam
975 2664 1125 2742 apertam
1140 2649 1223 2733 sore,

131 2789 166 2838 ut
190 2793 305 2862 neque
333 2791 415 2862 ego,
441 2791 506 2833 nee
530 2766 678 2836 lecturus
703 2771 776 2862 ipse
796 2769 1223 2865 minimedefatigaremur.

128 2895 235 2962 Cuius
258 2890 331 2983 spei
355 2913 434 2982 pars
473 2911 558 2981 quae
583 2887 626 2954 ad
648 2915 702 2956 me
730 2891 866 2974 attinet,
905 2917 959 2959 me
992 2916 1061 2960 non
1096 2892 1224 2973 fefellit,

128 3015 228 3116 'quod
252 3011 344 3079 idem
373 3010 501 3078 lecturo
539 3011 733 3102 contingere
765 3014 981 3080 vehementer
1007 3013 1116 3107 cupio.
1174 3014 1223 3080 Ae

131 3140 267 3220 neseio,
301 3133 472 3230 quomodo
499 3159 575 3200 eum
600 3135 659 3228 qui
682 3159 747 3227 per
772 3152 874 3202 totam
905 3143 1004 3204 vitam
1029 3138 1162 3204 nonnisi
1188 3136 1224 3202 id

130 3265 196 3330 sibi
222 3260 416 3354 proposuit,
455 3275 492 3324 ut
521 3255 664 3324 vividam
689 3257 891 3352 antiquitatis
922 3261 943 3325 i.
967 3285 994 3325 e.
1018 3259 1245 3338 Graecorum
1288 3251 1294 3268 ⁵

132 3385 275 3449 maxime
302 3381 479 3472 imaginem
495 3397 605 3444 mente
622 3359 831 3471 eonciperet,
857 3379 925 3446 ulla
948 3381 1084 3448 omnino
1104 3381 1224 3447 horum

133 3505 323 3574 studiorum
347 3527 425 3596 pars
451 3500 619 3568 delectare
645 3501 747 3594 plane
771 3520 938 3596 nequeat,
970 3495 1169 3598 praesertim
1194 3511 1221 3574 si

132 3629 305 3695 materiam
331 3643 456 3692 tantum
481 3626 683 3718 antiquitatis
710 3643 849 3718 speetaS.
908 3629 989 3712 Quis
1013 3643 1122 3695 autem
1147 3630 1224 3696 infi-

132 3752 194 3818 tias
217 3751 296 3834 ibit,
322 3749 471 3818 notitiam
498 3750 582 3816 vitae
609 3766 642 3816 et
665 3768 802 3816 naturae
826 3747 974 3843 Graecae
997 3749 1225 3845 descriptione

135 3871 266 3940 dierum
293 3873 471 3952 festorum,
510 3897 528 3937 e
555 3871 676 3963 quibus
701 3870 820 3964 populi
845 3872 1016 3963 ingenium
1049 3892 1147 3966 atque
1173 3874 1226 3938 in·

65 4027 68 4036 ’
137 3996 230 4064 doles
252 4021 387 4090 semper
410 3993 618 4087 apertissime
645 3991 764 4074 elucet,
789 4019 945 4085 magnum
968 4020 1089 4087 capere
1112 3996 1225 4060 inere·

136 4118 306 4184 ruentum?
356 4117 476 4209 Neque
502 4140 581 4184 vero
608 4117 744 4194 sufficit,
779 4117 933 4183 omnibus
968 4133 1120 4185 vetorum
1142 4115 1224 4182 loeis

137 4243 171 4307 in
198 4240 495 4333 uuurnxeolleetis,
532 4263 585 4305 ros
619 4235 787 4331 simplices
823 4261 997 4334 {uerasque
1037 4261 1077 4306 ex
1104 4241 1223 4309 ordine
