2920 4868
353 381 882 519 ·--ur-=·⁸

145 637 270 696 nonren
292 627 333 694 ab
356 628 457 710 nrbe',
497 665 547 690 -ι
586 625 677 696 unde
711 652 835 696 nomen
859 626 952 698 sesti
968 632 1060 700 nasci
1092 629 1242 726 poterat,¹

144 752 209 820 uisi
230 777 249 817 a
274 749 338 818 dea
361 751 446 844 ipsa,
470 769 576 818 matre
602 752 690 832 eius,
717 750 775 844 qui
797 749 918 818 sescum
942 752 1106 822 institnit?
1134 751 1235 839 Quod

144 897 270 944 nornen
295 870 476 954 Ἀθήναια
499 891 634 971 postes,
658 891 696 940 nt
720 874 831 942 statim
854 873 1061 960 videbimus,
1085 901 1237 944 commu-

145 1013 250 1064 tatum
284 1017 333 1066 est
369 998 405 1064 in
429 998 703 1080 HavaStivata,
741 997 787 1064 ita
822 1015 859 1064 ut
888 997 954 1064 hoc
989 1001 1232 1092 posterioribus

144 1120 354 1213 temporibus
379 1139 594 1190 monumenta
620 1140 653 1189 et
677 1121 802 1214 scripta
827 1139 861 1188 et
882 1118 990 1215 lapidi
1014 1123 1120 1190 incisa
1146 1125 1235 1190 sem-⁴

142 1265 207 1334 per
234 1260 423 1326 uterentur,
457 1243 590 1326 donec,
624 1263 661 1312 ut
684 1269 725 1310 ex
749 1244 1024 1337 inscriptionibus
1071 1271 1236 1340 apparere

144 1363 232 1435 mihi
255 1364 406 1448 videtur,
430 1367 638 1460 temporibus
664 1366 824 1436 Hadriani
852 1369 1062 1461 imperatoris
1089 1371 1235 1438 Graeca·

143 1515 222 1572 rum
247 1515 361 1560 rerum
390 1491 640 1574 studiosissimi,
677 1492 735 1585 qui
759 1489 864 1558 multa
888 1491 968 1558 iecit
990 1518 1075 1585 quae
1099 1495 1234 1560 omnino

144 1611 187 1690 ad
206 1661 208 1666 .
226 1613 310 1684 festa
336 1613 485 1696 Graeca,
528 1617 727 1708 praesertim
762 1614 1014 1696 Panathenaea,
1051 1619 1234 1710 pertinent,

143 1739 298 1830 priscum
322 1737 409 1810 illud
434 1763 558 1810 nomen
578 1739 750 1810 Athenaea
764 1737 890 1837 ‘denuo
912 1739 947 1806 in
969 1763 1066 1807 nsum
1098 1758 1235 1809 venerut.

144 1861 184 1938 Ia
210 1860 344 1934 duobus
370 1863 460 1932 eninr
486 1861 611 1947 titulis,
636 1887 780 1957 quorum
802 1862 886 1932 alter
912 1889 930 1930 a
954 1862 1113 1932 Feuvelio
1131 1865 1239 1932 Athe·

144 1984 197 2051 nis
224 2001 397 2076 repertus,
420 2008 512 2054 nunc
537 2001 645 2054 exstat
666 1986 702 2052 in
726 1985 845 2052 Museo
870 1986 964 2078 regio
988 1985 1236 2072 parisiense),

139 2107 235 2176 inter
260 2104 401 2178 iictores
426 2107 585 2176 ludorum
609 2108 971 2177 etiamhthenaeorum
996 2111 1119 2179 festum
1143 2137 1238 2180 corn-

144 2248 360 2300 memoratur.
412 2233 485 2314 Quo
517 2231 554 2298 in
590 2229 685 2299 titulo
720 2255 825 2323 quum
860 2231 959 2298 etiam
983 2231 1238 2328 Philadelphio-

144 2381 241 2436 rum,
275 2381 294 2420 a
314 2353 482 2448 'Septimio
509 2353 632 2422 Severo
658 2357 861 2449 imperatore
896 2357 933 2428 iu
958 2355 1148 2427 Caracallus
1173 2359 1238 2426 ho-

145 2503 266 2548 norem
288 2479 533 2562 institutorum,
557 2463 682 2548 inentio
707 2482 781 2562 fist,
803 2479 916 2549 titulus
943 2482 1011 2550 sive
1036 2480 1103 2550 hoc
1126 2485 1236 2578 impe·

147 2616 262 2670 ratorc
307 2604 375 2670 sive
415 2621 493 2696 post
536 2627 612 2670 eum
652 2605 861 2697 conscriptus
900 2605 959 2687 sit,
997 2627 1136 2676 necesse
1176 2621 1234 2673 est.
1321 2669 1324 2678 .

143 2801 402 2816 ——n-unnn*

253 2929 384 2990 tanquam
401 2921 521 2973 Victoria
548 2919 594 2970 hic
619 2918 727 2988 depicta
755 2938 813 2973 esse
844 2922 966 2987 videtur,
991 2939 1073 2992 quum
1090 2921 1196 2973 Victrix
1221 2937 1237 2974 e

221 3046 224 3055 .
255 3009 402 3060 certamine
424 3024 482 3058 curu
501 3005 629 3076 Neptuno
646 3006 679 3058 de
698 3016 770 3058 terra
780 3008 867 3062 Attica
887 3018 947 3060 orto
962 3007 1138 3060 discessisset.
1175 3008 1237 3079 Qua

253 3097 287 3150 de
306 3113 399 3152 caussa
417 3096 520 3164 Iupiter
540 3096 669 3148 victoriae
687 3103 810 3164 pateram
826 3096 851 3148 ei
873 3097 992 3165 porrigit.
1029 3096 1126 3166 Neque
1140 3097 1238 3152 mirum

255 3193 312 3247 est,
330 3185 478 3235 Minervam
500 3182 626 3236 omnibus
646 3184 726 3234 armis
743 3182 788 3234 hic
807 3183 964 3236 destitutam
985 3200 1060 3246 esse,
1084 3201 1168 3254 quum
1186 3184 1239 3235 hoo

254 3271 334 3323 modo
354 3272 382 3321 in
400 3271 470 3321 vasis
498 3269 641 3338 pluribus,
661 3271 742 3339 'quae
764 3270 914 3322 Vulcanum
940 3289 999 3321 earn
1028 3279 1238 3340 persequentem

255 3358 416 3420 ostendunt,
444 3358 641 3426 conspiciatur,
667 3358 738 3409 sicut
757 3359 786 3410 in
803 3359 998 3426 Lembsrgisno
1016 3357 1136 3410 nondum
1161 3358 1237 3411 edito

255 3444 370 3518 (Welck.
389 3447 456 3497 Tril.
476 3445 559 3496 Prona.
579 3462 606 3513 p.
625 3446 697 3514 287.)
726 3453 755 3498 et
771 3446 800 3497 in
818 3447 899 3498 Ducis
927 3445 961 3498 de
980 3446 1100 3512 huynes,
1130 3445 1163 3498 cle
1182 3464 1236 3516 que

251 3535 307 3589 vid.
328 3533 448 3584 Pauossta
468 3534 536 3584 Anu.
566 3531 630 3583 tleli'
650 3533 716 3590 inst.
744 3535 820 3602 ¹⁸²9·
848 3550 875 3602 p.
894 3551 953 3603 29¹.
989 3534 1030 3584 De
1059 3531 1235 3584 Erichthonio

253 3623 388 3691 denique,
407 3637 487 3692 quem
505 3619 627 3672 visconti
644 3619 673 3670 in
689 3618 809 3689 zophoro
828 3620 1006 3672 Parthenonis
1025 3621 1163 3688 agnoscit,
1190 3621 1234 3672 iu-

253 3711 294 3762 fra
312 3709 408 3760 dicam.
1001 3735 1006 3746 ι

187 3799 362 3870 12)Clorac‚
389 3797 480 3848 Descr.
509 3793 556 3846 des
583 3795 645 3847 Ant.
672 3792 708 3844 du
736 3793 850 3852 Louvre.
883 3811 911 3847 rr.
937 3796 998 3851 558.
1043 3793 1138 3846 Editus
1157 3801 1232 3849 estu

255 3885 391 3938 Boeckhie
411 3883 440 3936 C.
459 3885 479 3936 1.
498 3901 516 3934 u
543 3884 602 3949 ais.
639 3882 677 3952 Cf.
699 3883 801 3934 Osanui
821 3881 1030 3952 Syli.1nscr.p,
1049 3881 1111 3946 345.
1136 3883 1184 3951 qni
1203 3899 1233 3934 se

253 3973 390 4040 Aetnam
408 3973 505 4023 festum
523 3970 633 4022 aliunde
655 3985 733 4022 nosse
750 3978 840 4038 neget.
886 3969 1078 4020 idem'nornen
1098 3967 1230 4020 habemus

254 4063 284 4112 in
301 4061 382 4113 tituio
404 4059 533 4110 Boechhii
565 4077 591 4110 n.
611 4063 677 4122 283,
705 4059 753 4128 qui
773 4056 893 4109 eiusdem
910 4057 1038 4126 temporis
1065 4065 1114 4112 est.
1151 4056 1232 4124 Apud

254 4152 398 4218 scriptores
427 4143 590 4204 Graecorum
615 4147 725 4200 nonnisi
753 4145 835 4198 semei
865 4145 895 4196 id
922 4145 1013 4196 inveni
1039 4141 1136 4196 Athen.
1159 4143 1231 4230 Xili.

254 4253 281 4306 p.
302 4241 360 4293 so..
380 4237 408 4288 r.
