<?xml version="1.0" encoding="UTF-8"?>
<!DOCTYPE html PUBLIC "-//W3C//DTD XHTML 1.0 Transitional//EN"
    "http://www.w3.org/TR/xhtml1/DTD/xhtml1-transitional.dtd">
<html xmlns="http://www.w3.org/1999/xhtml" xml:lang="en" lang="en">
 <head>
  <title>
</title>
<meta http-equiv="Content-Type" content="text/html;charset=utf-8" />
  <meta name='ocr-system' content='tesseract 3.04.00' />
  <meta name='ocr-capabilities' content='ocr_page ocr_carea ocr_par ocr_line ocrx_word'/>
</head>
<body>
  <div class='ocr_page' id='page_1' title='image "./panathenaica01muelgoog_0047.png"; bbox 0 0 2920 4868; ppageno 0'>
   <div class='ocr_carea' id='block_1_1' title="bbox 680 430 929 504">
    <p class='ocr_par' dir='ltr' id='par_1_1' title="bbox 680 430 929 504">
     <span class='ocr_line' id='line_1_1' title="bbox 680 430 929 504; baseline -0.008 -22"><span class='ocrx_word' id='word_1_1' title='bbox 680 430 929 504; x_wconf 67' lang='lat'>..34-</span> 
     </span>
    </p>
   </div>
   <div class='ocr_carea' id='block_1_2' title="bbox 255 612 1357 3427">
    <p class='ocr_par' dir='ltr' id='par_1_2' title="bbox 258 612 1357 2185">
     <span class='ocr_line' id='line_1_2' title="bbox 258 612 1354 717; baseline -0.004 -20"><span class='ocrx_word' id='word_1_2' title='bbox 258 621 527 707; x_wconf 62' lang='grc' dir='ltr'><em>ναθηναίων</em></span> <span class='ocrx_word' id='word_1_3' title='bbox 561 626 604 706; x_wconf 86' lang='grc' dir='ltr'><strong>ἐς</strong></span> <span class='ocrx_word' id='word_1_4' title='bbox 637 624 955 706; x_wconf 65' lang='grc' dir='ltr'><em>Παναθήναια</em></span> <span class='ocrx_word' id='word_1_5' title='bbox 986 622 1055 694; x_wconf 85' lang='grc' dir='ltr'><strong>τὸν</strong></span> <span class='ocrx_word' id='word_1_6' title='bbox 1091 621 1201 717; x_wconf 81' lang='grc' dir='ltr'><em>λόγον</em></span> <span class='ocrx_word' id='word_1_7' title='bbox 1233 612 1354 693; x_wconf 84' lang='grc' dir='ltr'><em>διδόν-</em></span> 
     </span>
     <span class='ocr_line' id='line_1_3' title="bbox 260 744 1353 843; baseline -0.004 -23"><span class='ocrx_word' id='word_1_8' title='bbox 260 773 353 835; x_wconf 85' lang='grc' dir='ltr'><strong><em>των,</em></strong></span> <span class='ocrx_word' id='word_1_9' title='bbox 392 746 561 843; x_wconf 63' lang='grc' dir='ltr'><em>καθάπερ</em></span> <span class='ocrx_word' id='word_1_10' title='bbox 602 749 639 818; x_wconf 89' lang='grc' dir='ltr'><strong>οἱ</strong></span> <span class='ocrx_word' id='word_1_11' title='bbox 675 747 726 818; x_wconf 73' lang='grc' dir='ltr'><strong>τά</strong></span> <span class='ocrx_word' id='word_1_12' title='bbox 760 749 834 830; x_wconf 76' lang='grc' dir='ltr'><strong>’τῆς</strong></span> <span class='ocrx_word' id='word_1_13' title='bbox 872 744 1072 830; x_wconf 61' lang='grc' dir='ltr'><em>Ἀθηναίας</em></span> <span class='ocrx_word' id='word_1_14' title='bbox 1105 745 1353 838; x_wconf 86' lang='grc' dir='ltr'><em>ταμιεύοντες.</em></span> 
     </span>
     <span class='ocr_line' id='line_1_4' title="bbox 261 875 1356 969; baseline -0.006 -23"><span class='ocrx_word' id='word_1_15' title='bbox 261 877 425 947; x_wconf 87' lang='lat' dir='ltr'><strong>Videmus</strong></span> <span class='ocrx_word' id='word_1_16' title='bbox 440 877 549 942; x_wconf 47' lang='lat' dir='ltr'><strong>aenim</strong></span> <span class='ocrx_word' id='word_1_17' title='bbox 581 902 622 942; x_wconf 82' lang='lat' dir='ltr'><strong>ex</strong></span> <span class='ocrx_word' id='word_1_18' title='bbox 655 877 707 943; x_wconf 92' lang='lat' dir='ltr'><strong>his</strong></span> <span class='ocrx_word' id='word_1_19' title='bbox 738 877 850 943; x_wconf 86' lang='lat' dir='ltr'><strong>verbis</strong></span> <span class='ocrx_word' id='word_1_20' title='bbox 885 894 1077 969; x_wconf 86' lang='lat' dir='ltr'><strong>quaestores</strong></span> <span class='ocrx_word' id='word_1_21' title='bbox 1110 875 1283 940; x_wconf 85' lang='lat' dir='ltr'><strong>Minervae</strong></span> <span class='ocrx_word' id='word_1_22' title='bbox 1317 898 1356 939; x_wconf 87' lang='lat' dir='ltr'><strong>ax</strong></span> 
     </span>
     <span class='ocr_line' id='line_1_5' title="bbox 262 995 1356 1093; baseline -0.005 -27"><span class='ocrx_word' id='word_1_23' title='bbox 262 999 433 1093; x_wconf 85' lang='lat' dir='ltr'><strong>quibusvis</strong></span> <span class='ocrx_word' id='word_1_24' title='bbox 459 997 697 1064; x_wconf 89' lang='lat' dir='ltr'><strong>Panathenaeis</strong></span> <span class='ocrx_word' id='word_1_25' title='bbox 730 995 773 1062; x_wconf 87' lang='lat' dir='ltr'><strong>ad</strong></span> <span class='ocrx_word' id='word_1_26' title='bbox 799 998 934 1090; x_wconf 87' lang='lat' dir='ltr'><strong>quaevis</strong></span> <span class='ocrx_word' id='word_1_27' title='bbox 958 995 1188 1062; x_wconf 77' lang='lat' dir='ltr'><strong>Panathenaea</strong></span> <span class='ocrx_word' id='word_1_28' title='bbox 1214 1011 1356 1087; x_wconf 80' lang='lat' dir='ltr'><strong>quotan-</strong></span> 
     </span>
     <span class='ocr_line' id='line_1_6' title="bbox 259 1111 1357 1213; baseline -0.007 -23"><span class='ocrx_word' id='word_1_29' title='bbox 259 1126 312 1190; x_wconf 94' lang='lat' dir='ltr'><strong>nis</strong></span> <span class='ocrx_word' id='word_1_30' title='bbox 334 1115 452 1213; x_wconf 83' lang='grc' dir='ltr'><em>(κατὰ</em></span> <span class='ocrx_word' id='word_1_31' title='bbox 476 1116 546 1188; x_wconf 86' lang='grc' dir='ltr'><strong>τὸν</strong></span> <span class='ocrx_word' id='word_1_32' title='bbox 568 1111 757 1210; x_wconf 86' lang='grc' dir='ltr'><em>ἐνιαυτὸν)</em></span> <span class='ocrx_word' id='word_1_33' title='bbox 782 1120 928 1187; x_wconf 91' lang='lat' dir='ltr'><strong>rationes</strong></span> <span class='ocrx_word' id='word_1_34' title='bbox 953 1116 1155 1200; x_wconf 85' lang='lat' dir='ltr'><strong>reddidisse,</strong></span> <span class='ocrx_word' id='word_1_35' title='bbox 1182 1140 1267 1210; x_wconf 86' lang='lat' dir='ltr'><strong>quos</strong></span> <span class='ocrx_word' id='word_1_36' title='bbox 1281 1117 1357 1183; x_wconf 90' lang='lat' dir='ltr'><strong>imi·</strong></span> 
     </span>
     <span class='ocr_line' id='line_1_7' title="bbox 260 1242 1356 1340; baseline -0.005 -26"><span class='ocrx_word' id='word_1_37' title='bbox 260 1245 323 1315; x_wconf 88' lang='lat' dir='ltr'><strong>tari</strong></span> <span class='ocrx_word' id='word_1_38' title='bbox 350 1262 542 1340; x_wconf 84' lang='lat' dir='ltr'><strong>quaestores</strong></span> <span class='ocrx_word' id='word_1_39' title='bbox 577 1268 692 1311; x_wconf 89' lang='lat' dir='ltr'><strong>omnes</strong></span> <span class='ocrx_word' id='word_1_40' title='bbox 719 1244 888 1310; x_wconf 74' lang='lat' dir='ltr'><strong>iubentun</strong></span> <span class='ocrx_word' id='word_1_41' title='bbox 937 1244 969 1312; x_wconf 88' lang='lat' dir='ltr'><strong>A</strong></span> <span class='ocrx_word' id='word_1_42' title='bbox 1002 1243 1125 1337; x_wconf 88' lang='lat' dir='ltr'><strong>quibus</strong></span> <span class='ocrx_word' id='word_1_43' title='bbox 1160 1242 1356 1310; x_wconf 78' lang='lat' dir='ltr'><strong>testimoniis</strong></span> 
     </span>
     <span class='ocr_line' id='line_1_8' title="bbox 259 1358 1356 1460; baseline -0.002 -25"><span class='ocrx_word' id='word_1_44' title='bbox 259 1370 456 1436; x_wconf 87' lang='lat' dir='ltr'><strong>firmissimis</strong></span> <span class='ocrx_word' id='word_1_45' title='bbox 483 1366 636 1436; x_wconf 85' lang='lat' dir='ltr'><strong>dissentit</strong></span> <span class='ocrx_word' id='word_1_46' title='bbox 662 1366 752 1434; x_wconf 89' lang='lat' dir='ltr'><strong>solus</strong></span> <span class='ocrx_word' id='word_1_47' title='bbox 776 1367 936 1434; x_wconf 88' lang='lat' dir='ltr'><strong>Libanius</strong></span> <span class='ocrx_word' id='word_1_48' title='bbox 965 1360 1061 1460; x_wconf 83' lang='lat' dir='ltr'><strong>(Arg.</strong></span> <span class='ocrx_word' id='word_1_49' title='bbox 1088 1358 1190 1457; x_wconf 92' lang='lat' dir='ltr'><strong>Mid.)</strong></span> <span class='ocrx_word' id='word_1_50' title='bbox 1214 1369 1273 1460; x_wconf 93' lang='lat' dir='ltr'><strong>qui</strong></span> <span class='ocrx_word' id='word_1_51' title='bbox 1293 1368 1356 1433; x_wconf 84' lang='lat' dir='ltr'><strong>Pa·</strong></span> 
     </span>
     <span class='ocr_line' id='line_1_9' title="bbox 260 1483 1355 1581; baseline -0.002 -23"><span class='ocrx_word' id='word_1_52' title='bbox 260 1493 446 1558; x_wconf 88' lang='lat' dir='ltr'><strong>nathenaea</strong></span> <span class='ocrx_word' id='word_1_53' title='bbox 470 1491 615 1574; x_wconf 90' lang='lat' dir='ltr'><strong>minora,</strong></span> <span class='ocrx_word' id='word_1_54' title='bbox 654 1492 675 1556; x_wconf 88' lang='lat' dir='ltr'><strong>i.</strong></span> <span class='ocrx_word' id='word_1_55' title='bbox 703 1515 793 1556; x_wconf 82' lang='lat' dir='ltr'><strong>eea</strong></span> <span class='ocrx_word' id='word_1_56' title='bbox 818 1487 861 1554; x_wconf 90' lang='lat' dir='ltr'><strong>de</strong></span> <span class='ocrx_word' id='word_1_57' title='bbox 892 1487 1014 1581; x_wconf 87' lang='lat' dir='ltr'><strong>quibus</strong></span> <span class='ocrx_word' id='word_1_58' title='bbox 1041 1489 1232 1580; x_wconf 87' lang='lat' dir='ltr'><strong>quaerimus</strong></span> <span class='ocrx_word' id='word_1_59' title='bbox 1256 1483 1355 1556; x_wconf 82' lang='grc' dir='ltr'><em>κατὰ</em></span> 
     </span>
     <span class='ocr_line' id='line_1_10' title="bbox 259 1603 1355 1711; baseline -0.002 -29"><span class='ocrx_word' id='word_1_60' title='bbox 259 1603 472 1711; x_wconf 77' lang='grc' dir='ltr'><em>τριετηρίδα</em></span> <span class='ocrx_word' id='word_1_61' title='bbox 499 1616 566 1681; x_wconf 89' lang='lat' dir='ltr'><strong>sive</strong></span> <span class='ocrx_word' id='word_1_62' title='bbox 605 1613 755 1682; x_wconf 90' lang='lat' dir='ltr'><strong>secundo</strong></span> <span class='ocrx_word' id='word_1_63' title='bbox 782 1637 920 1707; x_wconf 88' lang='lat' dir='ltr'><strong>quoque</strong></span> <span class='ocrx_word' id='word_1_64' title='bbox 945 1635 1032 1678; x_wconf 87' lang='lat' dir='ltr'><strong>anno</strong></span> <span class='ocrx_word' id='word_1_65' title='bbox 1069 1629 1142 1679; x_wconf 89' lang='lat' dir='ltr'><strong>acta</strong></span> <span class='ocrx_word' id='word_1_66' title='bbox 1164 1637 1236 1680; x_wconf 88' lang='lat' dir='ltr'><strong>esse</strong></span> <span class='ocrx_word' id='word_1_67' title='bbox 1263 1612 1355 1695; x_wconf 88' lang='lat' dir='ltr'><strong>dicit,</strong></span> 
     </span>
     <span class='ocr_line' id='line_1_11' title="bbox 261 1733 1355 1832; baseline -0.001 -27"><span class='ocrx_word' id='word_1_68' title='bbox 261 1761 424 1832; x_wconf 84' lang='lat' dir='ltr'><strong>quaeres</strong></span> <span class='ocrx_word' id='word_1_69' title='bbox 451 1761 550 1830; x_wconf 91' lang='lat' dir='ltr'><strong>quam</strong></span> <span class='ocrx_word' id='word_1_70' title='bbox 575 1739 670 1829; x_wconf 87' lang='lat' dir='ltr'><strong>parvi</strong></span> <span class='ocrx_word' id='word_1_71' title='bbox 700 1740 742 1806; x_wconf 89' lang='lat' dir='ltr'><strong>sit</strong></span> <span class='ocrx_word' id='word_1_72' title='bbox 763 1734 968 1804; x_wconf 89' lang='lat' dir='ltr'><strong>aestimanda</strong></span> <span class='ocrx_word' id='word_1_73' title='bbox 993 1733 1191 1828; x_wconf 83' lang='lat' dir='ltr'><strong>intelligitur</strong></span> <span class='ocrx_word' id='word_1_74' title='bbox 1215 1761 1258 1804; x_wconf 82' lang='lat' dir='ltr'><strong>ex</strong></span> <span class='ocrx_word' id='word_1_75' title='bbox 1283 1737 1355 1805; x_wconf 87' lang='lat' dir='ltr'><strong>aliis</strong></span> 
     </span>
     <span class='ocr_line' id='line_1_12' title="bbox 258 1858 1356 1954; baseline 0 -27"><span class='ocrx_word' id='word_1_76' title='bbox 258 1861 372 1928; x_wconf 89' lang='lat' dir='ltr'><strong>multis</strong></span> <span class='ocrx_word' id='word_1_77' title='bbox 412 1863 506 1927; x_wconf 91' lang='lat' dir='ltr'><strong>istius</strong></span> <span class='ocrx_word' id='word_1_78' title='bbox 542 1862 716 1952; x_wconf 86' lang='lat' dir='ltr'><strong>scriptoris</strong></span> <span class='ocrx_word' id='word_1_79' title='bbox 756 1859 929 1926; x_wconf 88' lang='lat' dir='ltr'><strong>erroribus</strong></span> <span class='ocrx_word' id='word_1_80' title='bbox 966 1858 1026 1951; x_wconf 92' lang='lat' dir='ltr'><strong>qui</strong></span> <span class='ocrx_word' id='word_1_81' title='bbox 1066 1859 1165 1924; x_wconf 89' lang='lat' dir='ltr'><strong>etiam</strong></span> <span class='ocrx_word' id='word_1_82' title='bbox 1195 1859 1356 1954; x_wconf 85' lang='lat' dir='ltr'><strong>Dionysia</strong></span> 
     </span>
     <span class='ocr_line' id='line_1_13' title="bbox 258 1972 1354 2075; baseline 0 -25"><span class='ocrx_word' id='word_1_83' title='bbox 258 1983 385 2052; x_wconf 86' lang='lat' dir='ltr'><strong>maiora</strong></span> <span class='ocrx_word' id='word_1_84' title='bbox 407 1973 472 2049; x_wconf 75' lang='lat' dir='ltr'><strong>daal</strong></span> <span class='ocrx_word' id='word_1_85' title='bbox 494 1972 719 2074; x_wconf 77' lang='grc' dir='ltr'><em>τριετηρίδος</em></span> <span class='ocrx_word' id='word_1_86' title='bbox 744 2001 817 2049; x_wconf 88' lang='lat' dir='ltr'><strong>acta</strong></span> <span class='ocrx_word' id='word_1_87' title='bbox 839 2005 911 2049; x_wconf 88' lang='lat' dir='ltr'><strong>esse</strong></span> <span class='ocrx_word' id='word_1_88' title='bbox 936 1982 990 2062; x_wconf 89' lang='lat' dir='ltr'><strong>ait,</strong></span> <span class='ocrx_word' id='word_1_89' title='bbox 1009 2005 1094 2075; x_wconf 88' lang='lat' dir='ltr'><strong>quac</strong></span> <span class='ocrx_word' id='word_1_90' title='bbox 1120 2005 1230 2049; x_wconf 88' lang='lat' dir='ltr'><strong>annua</strong></span> <span class='ocrx_word' id='word_1_91' title='bbox 1254 1982 1354 2052; x_wconf 82' lang='lat' dir='ltr'><strong>fuisse</strong></span> 
     </span>
     <span class='ocr_line' id='line_1_14' title="bbox 260 2109 498 2185; baseline -0.004 -12"><span class='ocrx_word' id='word_1_92' title='bbox 260 2109 336 2173; x_wconf 83' lang='lat' dir='ltr'><strong>satis</strong></span> <span class='ocrx_word' id='word_1_93' title='bbox 360 2123 498 2185; x_wconf 83' lang='lat' dir='ltr'><strong>constat.</strong></span> 
     </span>
    </p>

    <p class='ocr_par' dir='ltr' id='par_1_3' title="bbox 255 2224 1355 3278">
     <span class='ocr_line' id='line_1_15' title="bbox 358 2224 1351 2321; baseline 0.003 -28"><span class='ocrx_word' id='word_1_94' title='bbox 358 2228 428 2293; x_wconf 91' lang='lat' dir='ltr'><strong>Iam</strong></span> <span class='ocrx_word' id='word_1_95' title='bbox 447 2251 552 2321; x_wconf 91' lang='lat' dir='ltr'><strong>quum</strong></span> <span class='ocrx_word' id='word_1_96' title='bbox 577 2228 775 2296; x_wconf 89' lang='lat' dir='ltr'><strong>testimoniis</strong></span> <span class='ocrx_word' id='word_1_97' title='bbox 800 2228 877 2293; x_wconf 87' lang='lat' dir='ltr'><strong>satis</strong></span> <span class='ocrx_word' id='word_1_98' title='bbox 898 2228 997 2294; x_wconf 91' lang='lat' dir='ltr'><strong>certis</strong></span> <span class='ocrx_word' id='word_1_99' title='bbox 1020 2224 1283 2296; x_wconf 84' lang='lat' dir='ltr'><strong>demonstratum</strong></span> <span class='ocrx_word' id='word_1_100' title='bbox 1300 2231 1351 2312; x_wconf 91' lang='lat' dir='ltr'><strong>sit,</strong></span> 
     </span>
     <span class='ocr_line' id='line_1_16' title="bbox 258 2345 1355 2440; baseline 0.002 -24"><span class='ocrx_word' id='word_1_101' title='bbox 258 2351 489 2416; x_wconf 87' lang='lat' dir='ltr'><strong>Panathenaea</strong></span> <span class='ocrx_word' id='word_1_102' title='bbox 504 2376 522 2416; x_wconf 90' lang='lat' dir='ltr'><strong>a</strong></span> <span class='ocrx_word' id='word_1_103' title='bbox 540 2345 673 2416; x_wconf 87' lang='lat' dir='ltr'><strong>Theseo</strong></span> <span class='ocrx_word' id='word_1_104' title='bbox 694 2350 844 2416; x_wconf 88' lang='lat' dir='ltr'><strong>instituta</strong></span> <span class='ocrx_word' id='word_1_105' title='bbox 865 2349 1043 2440; x_wconf 86' lang='lat' dir='ltr'><strong>quotannis</strong></span> <span class='ocrx_word' id='word_1_106' title='bbox 1061 2367 1134 2416; x_wconf 86' lang='lat' dir='ltr'><strong>acta</strong></span> <span class='ocrx_word' id='word_1_107' title='bbox 1153 2373 1235 2432; x_wconf 87' lang='lat' dir='ltr'><strong>esse,</strong></span> <span class='ocrx_word' id='word_1_108' title='bbox 1252 2350 1355 2418; x_wconf 88' lang='lat' dir='ltr'><strong>altera</strong></span> 
     </span>
     <span class='ocr_line' id='line_1_17' title="bbox 255 2469 1354 2567; baseline 0.002 -29"><span class='ocrx_word' id='word_1_109' title='bbox 255 2491 362 2540; x_wconf 79' lang='lat' dir='ltr'><strong>exstat</strong></span> <span class='ocrx_word' id='word_1_110' title='bbox 387 2474 537 2567; x_wconf 85' lang='lat' dir='ltr'><strong>quaestio</strong></span> <span class='ocrx_word' id='word_1_111' title='bbox 565 2471 677 2540; x_wconf 90' lang='lat' dir='ltr'><strong>minus</strong></span> <span class='ocrx_word' id='word_1_112' title='bbox 708 2469 836 2553; x_wconf 83' lang='lat' dir='ltr'><strong>facilis,</strong></span> <span class='ocrx_word' id='word_1_113' title='bbox 867 2470 936 2563; x_wconf 82' lang='lat' dir='ltr'><strong>¹quo</strong></span> <span class='ocrx_word' id='word_1_114' title='bbox 975 2472 1138 2565; x_wconf 87' lang='lat' dir='ltr'><strong>cuiusque</strong></span> <span class='ocrx_word' id='word_1_115' title='bbox 1182 2474 1261 2540; x_wconf 88' lang='lat' dir='ltr'><strong>anni</strong></span> <span class='ocrx_word' id='word_1_116' title='bbox 1300 2472 1354 2540; x_wconf 86' lang='lat' dir='ltr'><strong>die</strong></span> 
     </span>
     <span class='ocr_line' id='line_1_18' title="bbox 258 2592 1354 2691; baseline 0.001 -30"><span class='ocrx_word' id='word_1_117' title='bbox 258 2595 468 2691; x_wconf 71' lang='lat' dir='ltr'><strong>Athenarum</strong></span> <span class='ocrx_word' id='word_1_118' title='bbox 492 2594 624 2662; x_wconf 86' lang='lat' dir='ltr'><strong>incolae</strong></span> <span class='ocrx_word' id='word_1_119' title='bbox 649 2595 717 2663; x_wconf 91' lang='lat' dir='ltr'><strong>hoc</strong></span> <span class='ocrx_word' id='word_1_120' title='bbox 754 2592 839 2664; x_wconf 83' lang='lat' dir='ltr'><strong>festo</strong></span> <span class='ocrx_word' id='word_1_121' title='bbox 866 2594 1040 2663; x_wconf 87' lang='lat' dir='ltr'><strong>Minervae</strong></span> <span class='ocrx_word' id='word_1_122' title='bbox 1073 2594 1239 2662; x_wconf 87' lang='lat' dir='ltr'><strong>honorem</strong></span> <span class='ocrx_word' id='word_1_123' title='bbox 1269 2614 1354 2665; x_wconf 89' lang='lat' dir='ltr'><strong>attu-</strong></span> 
     </span>
     <span class='ocr_line' id='line_1_19' title="bbox 258 2715 1353 2814; baseline 0.004 -32"><span class='ocrx_word' id='word_1_124' title='bbox 258 2715 378 2801; x_wconf 90' lang='lat' dir='ltr'><strong>lerint,</strong></span> <span class='ocrx_word' id='word_1_125' title='bbox 420 2718 464 2785; x_wconf 86' lang='lat' dir='ltr'><strong>de</strong></span> <span class='ocrx_word' id='word_1_126' title='bbox 502 2745 569 2813; x_wconf 87' lang='lat' dir='ltr'><strong>qua</strong></span> <span class='ocrx_word' id='word_1_127' title='bbox 606 2743 645 2786; x_wconf 92' lang='lat' dir='ltr'><strong>re</strong></span> <span class='ocrx_word' id='word_1_128' title='bbox 678 2719 767 2786; x_wconf 89' lang='lat' dir='ltr'><strong>inter</strong></span> <span class='ocrx_word' id='word_1_129' title='bbox 807 2741 864 2786; x_wconf 87' lang='lat' dir='ltr'><strong>eos</strong></span> <span class='ocrx_word' id='word_1_130' title='bbox 892 2719 1086 2814; x_wconf 85' lang='lat' dir='ltr'><strong>quicunque</strong></span> <span class='ocrx_word' id='word_1_131' title='bbox 1123 2719 1353 2786; x_wconf 79' lang='lat' dir='ltr'><strong>Panathenaea</strong></span> 
     </span>
     <span class='ocr_line' id='line_1_20' title="bbox 258 2827 1355 2934; baseline 0.004 -29"><span class='ocrx_word' id='word_1_132' title='bbox 258 2855 466 2922; x_wconf 88' lang='lat' dir='ltr'><strong>tractarunt,</strong></span> <span class='ocrx_word' id='word_1_133' title='bbox 493 2865 613 2934; x_wconf 84' lang='lat' dir='ltr'><strong>magna</strong></span> <span class='ocrx_word' id='word_1_134' title='bbox 639 2827 803 2907; x_wconf 88' lang='lat' dir='ltr'><strong>dissensio</strong></span> <span class='ocrx_word' id='word_1_135' title='bbox 830 2837 909 2921; x_wconf 86' lang='lat' dir='ltr'><strong>fuit,</strong></span> <span class='ocrx_word' id='word_1_136' title='bbox 936 2837 1018 2905; x_wconf 90' lang='lat' dir='ltr'><strong>dum</strong></span> <span class='ocrx_word' id='word_1_137' title='bbox 1042 2842 1236 2934; x_wconf 87' lang='lat' dir='ltr'><strong>nuperrime</strong></span> <span class='ocrx_word' id='word_1_138' title='bbox 1262 2841 1355 2911; x_wconf 80' lang='lat' dir='ltr'><strong>Hoff-</strong></span> 
     </span>
     <span class='ocr_line' id='line_1_21' title="bbox 259 2963 1354 3056; baseline 0.006 -29"><span class='ocrx_word' id='word_1_139' title='bbox 259 2986 400 3030; x_wconf 89' lang='lat' dir='ltr'><strong>mannus</strong></span> <span class='ocrx_word' id='word_1_140' title='bbox 426 2966 625 3032; x_wconf 88' lang='lat' dir='ltr'><strong>sententiam</strong></span> <span class='ocrx_word' id='word_1_141' title='bbox 662 2981 790 3030; x_wconf 86' lang='lat' dir='ltr'><strong>rectam</strong></span> <span class='ocrx_word' id='word_1_142' title='bbox 826 2963 958 3056; x_wconf 89' lang='lat' dir='ltr'><strong>posuit,</strong></span> <span class='ocrx_word' id='word_1_143' title='bbox 1002 2989 1103 3056; x_wconf 88' lang='lat' dir='ltr'><strong>quam</strong></span> <span class='ocrx_word' id='word_1_144' title='bbox 1125 2965 1354 3034; x_wconf 82' lang='lat' dir='ltr'><strong>&#39;examinatam</strong></span> 
     </span>
     <span class='ocr_line' id='line_1_22' title="bbox 261 3085 1354 3182; baseline 0.007 -30"><span class='ocrx_word' id='word_1_145' title='bbox 261 3090 483 3181; x_wconf 84' lang='lat' dir='ltr'><strong>argumentis,</strong></span> <span class='ocrx_word' id='word_1_146' title='bbox 525 3090 655 3182; x_wconf 88' lang='lat' dir='ltr'><strong>quippe</strong></span> <span class='ocrx_word' id='word_1_147' title='bbox 696 3112 784 3182; x_wconf 89' lang='lat' dir='ltr'><strong>quae</strong></span> <span class='ocrx_word' id='word_1_148' title='bbox 809 3085 1028 3154; x_wconf 85' lang='lat' dir='ltr'><strong>Hoffmannus</strong></span> <span class='ocrx_word' id='word_1_149' title='bbox 1066 3086 1169 3182; x_wconf 86' lang='lat' dir='ltr'><strong>plane</strong></span> <span class='ocrx_word' id='word_1_150' title='bbox 1195 3093 1354 3175; x_wconf 88' lang='lat' dir='ltr'><strong>omiserit,</strong></span> 
     </span>
     <span class='ocr_line' id='line_1_23' title="bbox 261 3208 634 3278; baseline -0.003 -1"><span class='ocrx_word' id='word_1_151' title='bbox 261 3212 439 3278; x_wconf 73' lang='lat' dir='ltr'><strong>dertiorem</strong></span> <span class='ocrx_word' id='word_1_152' title='bbox 464 3208 634 3278; x_wconf 83' lang='lat' dir='ltr'><strong>faciemus.</strong></span> 
     </span>
    </p>

    <p class='ocr_par' dir='ltr' id='par_1_4' title="bbox 357 3323 1354 3427">
     <span class='ocr_line' id='line_1_24' title="bbox 357 3323 1354 3427; baseline 0 -27"><span class='ocrx_word' id='word_1_153' title='bbox 357 3334 409 3400; x_wconf 89' lang='lat' dir='ltr'><strong>Ac</strong></span> <span class='ocrx_word' id='word_1_154' title='bbox 430 3334 580 3427; x_wconf 84' lang='lat' dir='ltr'><strong>primum</strong></span> <span class='ocrx_word' id='word_1_155' title='bbox 604 3329 745 3427; x_wconf 87' lang='lat' dir='ltr'><strong>quidein</strong></span> <span class='ocrx_word' id='word_1_156' title='bbox 766 3333 933 3401; x_wconf 84' lang='lat' dir='ltr'><strong>Meursius</strong></span> <span class='ocrx_word' id='word_1_157' title='bbox 952 3323 984 3425; x_wconf 73' lang='lat' dir='ltr'><strong>l)</strong></span> <span class='ocrx_word' id='word_1_158' title='bbox 1015 3335 1246 3404; x_wconf 87' lang='lat' dir='ltr'><strong>Panathenaea</strong></span> <span class='ocrx_word' id='word_1_159' title='bbox 1276 3335 1354 3424; x_wconf 89' lang='lat' dir='ltr'><strong>(mi-</strong></span> 
     </span>
    </p>
   </div>
   <div class='ocr_carea' id='block_1_3' title="bbox 258 3449 1354 3552">
    <p class='ocr_par' dir='ltr' id='par_1_5' title="bbox 258 3449 1354 3552">
     <span class='ocr_line' id='line_1_25' title="bbox 258 3449 1354 3552; baseline 0.004 -30"><span class='ocrx_word' id='word_1_160' title='bbox 258 3449 356 3546; x_wconf 89' lang='lat' dir='ltr'><strong>nora)</strong></span> <span class='ocrx_word' id='word_1_161' title='bbox 379 3455 547 3550; x_wconf 82' lang='lat' dir='ltr'><strong>postridie</strong></span> <span class='ocrx_word' id='word_1_162' title='bbox 569 3453 821 3524; x_wconf 88' lang='lat' dir='ltr'><strong>Bendideorum</strong></span> <span class='ocrx_word' id='word_1_163' title='bbox 846 3458 914 3524; x_wconf 87' lang='lat' dir='ltr'><strong>sive</strong></span> <span class='ocrx_word' id='word_1_164' title='bbox 939 3458 1096 3550; x_wconf 84' lang='lat' dir='ltr'><strong>vigesimo</strong></span> <span class='ocrx_word' id='word_1_165' title='bbox 1119 3458 1354 3552; x_wconf 83' lang='lat' dir='ltr'><strong>Thargelionis</strong></span> 
     </span>
    </p>
   </div>
   <div class='ocr_carea' id='block_1_4' title="bbox 259 3577 1354 3797">
    <p class='ocr_par' dir='ltr' id='par_1_6' title="bbox 259 3577 1354 3797">
     <span class='ocr_line' id='line_1_26' title="bbox 260 3577 1353 3674; baseline 0.003 -29"><span class='ocrx_word' id='word_1_166' title='bbox 260 3578 316 3646; x_wconf 86' lang='lat' dir='ltr'><strong>die</strong></span> <span class='ocrx_word' id='word_1_167' title='bbox 337 3597 410 3646; x_wconf 83' lang='lat' dir='ltr'><strong>aeta</strong></span> <span class='ocrx_word' id='word_1_168' title='bbox 435 3603 507 3646; x_wconf 88' lang='lat' dir='ltr'><strong>esse</strong></span> <span class='ocrx_word' id='word_1_169' title='bbox 530 3603 571 3646; x_wconf 81' lang='lat' dir='ltr'><strong>ex</strong></span> <span class='ocrx_word' id='word_1_170' title='bbox 593 3577 677 3646; x_wconf 89' lang='lat' dir='ltr'><strong>locis</strong></span> <span class='ocrx_word' id='word_1_171' title='bbox 701 3578 816 3648; x_wconf 87' lang='lat' dir='ltr'><strong>Procli</strong></span> <span class='ocrx_word' id='word_1_172' title='bbox 842 3582 1058 3672; x_wconf 88' lang='lat' dir='ltr'><strong>sequentibus</strong></span> <span class='ocrx_word' id='word_1_173' title='bbox 1086 3580 1233 3674; x_wconf 85' lang='lat' dir='ltr'><strong>colligit,</strong></span> <span class='ocrx_word' id='word_1_174' title='bbox 1261 3585 1353 3650; x_wconf 89' lang='lat' dir='ltr'><strong>euius</strong></span> 
     </span>
     <span class='ocr_line' id='line_1_27' title="bbox 259 3687 1354 3797; baseline 0.002 -25"><span class='ocrx_word' id='word_1_175' title='bbox 259 3687 362 3774; x_wconf 79' lang='lat' dir='ltr'><strong>verba</strong></span> <span class='ocrx_word' id='word_1_176' title='bbox 385 3706 470 3772; x_wconf 87' lang='lat' dir='ltr'><strong>haee</strong></span> <span class='ocrx_word' id='word_1_177' title='bbox 495 3720 574 3771; x_wconf 86' lang='lat' dir='ltr'><strong>sunt</strong></span> <span class='ocrx_word' id='word_1_178' title='bbox 589 3694 637 3792; x_wconf 85' lang='lat'><strong>⁵):</strong></span> <span class='ocrx_word' id='word_1_179' title='bbox 676 3699 716 3769; x_wconf 84' lang='grc' dir='ltr'><strong>ἐν</strong></span> <span class='ocrx_word' id='word_1_180' title='bbox 742 3703 824 3780; x_wconf 86' lang='grc' dir='ltr'><strong><em>τοῖς</em></strong></span> <span class='ocrx_word' id='word_1_181' title='bbox 856 3705 999 3795; x_wconf 81' lang='grc' dir='ltr'><strong><em>μικροῖς</em></strong></span> <span class='ocrx_word' id='word_1_182' title='bbox 1030 3697 1354 3797; x_wconf 60' lang='lat' dir='ltr'><strong>(l&#39;ImtuSuvulotc)⁰</strong></span> 
     </span>
    </p>
   </div>
   <div class='ocr_carea' id='block_1_5' title="bbox 267 3902 550 3915">
    <p class='ocr_par' dir='ltr' id='par_1_7' title="bbox 267 3902 550 3915">
     <span class='ocr_line' id='line_1_28' title="bbox 267 3902 550 3915; baseline -0.004 -3"><span class='ocrx_word' id='word_1_183' title='bbox 267 3902 550 3915; x_wconf 37' lang='grc' dir='ltr'><strong>μὴ</strong></span> 
     </span>
    </p>
   </div>
   <div class='ocr_carea' id='block_1_6' title="bbox 310 4036 1351 4110">
    <p class='ocr_par' dir='ltr' id='par_1_8' title="bbox 310 4036 1351 4110">
     <span class='ocr_line' id='line_1_29' title="bbox 310 4036 1351 4110; baseline -0.001 -20"><span class='ocrx_word' id='word_1_184' title='bbox 310 4040 337 4110; x_wconf 75' lang='grc'><strong>4)</strong></span> <span class='ocrx_word' id='word_1_185' title='bbox 359 4036 471 4092; x_wconf 89' lang='lat' dir='ltr'><strong>Panath.</strong></span> <span class='ocrx_word' id='word_1_186' title='bbox 491 4055 513 4089; x_wconf 92' lang='lat' dir='ltr'><strong>c.</strong></span> <span class='ocrx_word' id='word_1_187' title='bbox 531 4038 557 4090; x_wconf 79' lang='grc'><strong>6.</strong></span> <span class='ocrx_word' id='word_1_188' title='bbox 593 4036 734 4102; x_wconf 87' lang='lat' dir='ltr'><strong>Eandem,</strong></span> <span class='ocrx_word' id='word_1_189' title='bbox 763 4045 795 4089; x_wconf 87' lang='lat' dir='ltr'><strong>ut</strong></span> <span class='ocrx_word' id='word_1_190' title='bbox 812 4037 892 4090; x_wconf 85' lang='lat' dir='ltr'><strong>huius</strong></span> <span class='ocrx_word' id='word_1_191' title='bbox 918 4036 1038 4090; x_wconf 82' lang='lat' dir='ltr'><strong>breviter</strong></span> <span class='ocrx_word' id='word_1_192' title='bbox 1057 4036 1223 4089; x_wconf 83' lang='lat' dir='ltr'><strong>mentionem</strong></span> <span class='ocrx_word' id='word_1_193' title='bbox 1246 4037 1351 4097; x_wconf 79' lang='lat' dir='ltr'><strong>faciam,</strong></span> 
     </span>
    </p>
   </div>
   <div class='ocr_carea' id='block_1_7' title="bbox 309 4124 1183 4286">
    <p class='ocr_par' dir='ltr' id='par_1_9' title="bbox 309 4124 1183 4286">
     <span class='ocr_line' id='line_1_30' title="bbox 362 4124 1183 4196; baseline 0 -20"><span class='ocrx_word' id='word_1_194' title='bbox 362 4125 526 4177; x_wconf 85' lang='lat' dir='ltr'><strong>sententiam</strong></span> <span class='ocrx_word' id='word_1_195' title='bbox 540 4124 626 4176; x_wconf 87' lang='lat' dir='ltr'><strong>hahet</strong></span> <span class='ocrx_word' id='word_1_196' title='bbox 644 4125 774 4178; x_wconf 81' lang='lat' dir='ltr'><strong>Prideaux</strong></span> <span class='ocrx_word' id='word_1_197' title='bbox 792 4125 827 4177; x_wconf 85' lang='lat' dir='ltr'><strong>ad</strong></span> <span class='ocrx_word' id='word_1_198' title='bbox 846 4125 939 4182; x_wconf 80' lang='lat' dir='ltr'><strong>Marna.</strong></span> <span class='ocrx_word' id='word_1_199' title='bbox 962 4125 1048 4178; x_wconf 71' lang='lat' dir='ltr'><strong>Onon.</strong></span> <span class='ocrx_word' id='word_1_200' title='bbox 1074 4143 1101 4196; x_wconf 77' lang='lat' dir='ltr'><strong>p.</strong></span> <span class='ocrx_word' id='word_1_201' title='bbox 1124 4128 1183 4178; x_wconf 74' lang='lat'><strong>160.</strong></span> 
     </span>
     <span class='ocr_line' id='line_1_31' title="bbox 309 4213 678 4286; baseline 0.005 -23"><span class='ocrx_word' id='word_1_202' title='bbox 309 4213 337 4286; x_wconf 84' lang='lat'><strong>5)</strong></span> <span class='ocrx_word' id='word_1_203' title='bbox 357 4213 392 4280; x_wconf 84' lang='lat' dir='ltr'><strong>ad</strong></span> <span class='ocrx_word' id='word_1_204' title='bbox 409 4213 478 4268; x_wconf 85' lang='lat' dir='ltr'><strong>Plat.</strong></span> <span class='ocrx_word' id='word_1_205' title='bbox 496 4213 568 4267; x_wconf 71' lang='lat' dir='ltr'><strong>lim.</strong></span> <span class='ocrx_word' id='word_1_206' title='bbox 587 4230 613 4282; x_wconf 89' lang='lat' dir='ltr'><strong>p.</strong></span> <span class='ocrx_word' id='word_1_207' title='bbox 635 4215 678 4272; x_wconf 80' lang='lat'><strong>26.</strong></span> 
     </span>
    </p>
   </div>
   <div class='ocr_carea' id='block_1_8' title="bbox 0 0 1464 4868">
    <p class='ocr_par' dir='ltr' id='par_1_10' title="bbox 0 0 1464 4868">
     <span class='ocr_line' id='line_1_32' title="bbox 0 0 1464 4868; baseline 0 0"><span class='ocrx_word' id='word_1_208' title='bbox 0 0 1464 4868; x_wconf 95' lang='lat' dir='ltr'><strong> </strong></span> 
     </span>
    </p>
   </div>
  </div>
 </body>
</html>
