2920 4868
687 453 933 522 ...50-

260 673 313 744 est
334 654 464 748 igitur«,
490 651 580 720 hunc
604 673 733 728 morem
758 650 801 716 ab
826 643 1014 742 olympicis
1041 651 1278 716 certaminibus
1304 651 1348 716 ad

259 777 323 846 alia
349 777 464 856 ctiam,
488 775 689 868 praesertim¹
712 791 803 842 tanta
815 773 1023 840 Graecorum
1047 772 1128 838 festa
1145 775 1350 865 pervenisse.

259 899 329 973 Sed
355 899 444 966 dicat
474 899 560 976 forte
592 892 729 990 aliquus,
766 881 971 989 Hippoclide
1008 895 1169 964 archonte
1200 898 1350 990 primum

258 1023 340 1092 alios
365 1023 672 1090 Panathenaeorum
696 1018 795 1100 ludos
820 1045 840 1086 a
873 1018 973 1086 nudis
999 1021 1217 1088 certatoribus
1253 1022 1351 1088 habi-

258 1171 309 1216 tos
344 1175 435 1227 esse,
466 1146 576 1242 quod,
593 1165 705 1214 tamen
737 1169 849 1239 neque
869 1129 924 1212 'er
961 1145 1071 1212 verbis
1105 1147 1250 1224 liusebii¹
1278 1147 1348 1216 ullo

255 1273 358 1340 modo
384 1272 576 1366 extorqueri
597 1288 727 1364 potest,
754 1295 840 1364 quae
864 1271 893 1336 si
918 1269 1097 1363 diligenter
1121 1271 1268 1362 inspicis
1286 1297 1355 1348 ne·¹

256 1423 322 1490 que
349 1413 501 1464 accurata
541 1420 653 1488 neque
689 1413 778 1462 certa
816 1413 912 1473 sunt,
951 1395 1080 1487 quippe
1123 1417 1164 1460 ex
1201 1393 1347 1487 simplici

256 1518 460 1612 Pherecydis
494 1518 569 1588 loco
602 1517 793 1611 desumpta,
827 1553 874 1566 -
916 1541 1028 1610 neque
1062 1517 1197 1584 omnino
1231 1541 1356 1590 verum,

254 1621 328 1712 esse
352 1643 505 1724 videtur,
536 1662 717 1736 propterea
736 1668 739 1679 ⁴
755 1640 849 1735 quod
882 1640 937 1708 alii
973 1640 1115 1708 athletae
1146 1666 1215 1708 non
1240 1641 1345 1711 multo

254 1786 330 1834 ante
356 1765 776 1860 Thucydideamaetatem
802 1763 1044 1857 subligaculum
1068 1767 1264 1834 abiecerunt
1284 1765 1344 1851 ²5).

252 1893 327 1962 Alia
352 1910 402 1960 est
426 1893 526 1984 igitur
558 1893 608 1964 via
633 1861 792 1958 ineunda
815 1891 858 1958 ad
891 1891 975 1958 baec
1006 1871 1108 1959 rerba
1134 1891 1342 1985 explicanda.

253 2019 373 2110 Neque
399 2017 489 2088 enim
510 2016 600 2096 scio,
637 2042 703 2110 qua
727 2016 855 2082 ratione
881 2017 982 2084 verba
1012 2014 1132 2093 melius
1157 2016 1344 2108 intelligere

251 2139 391 2232 velimus
402 2188 413 2221 ,
438 2141 503 2208 nisi
528 2157 724 2221 statuentes,
756 2139 961 2233 Hippoclide
987 2141 1148 2208 archonte
1179 2141 1342 2208 Panathe-

252 2291 337 2333 naea
360 2265 486 2332 maiora
510 2265 657 2335 instituta
682 2291 770 2344 esse,
809 2289 894 2357 quae
919 2289 974 2330 res
1000 2289 1085 2336 cum,
1109 2283 1262 2358 tempore
1287 2267 1342 2333 Pi-

253 2390 374 2456 sistrati
400 2414 502 2482 quem
527 2390 592 2458 hoc
618 2373 741 2456 fecisse¹
761 2413 861 2479 supra
887 2387 1107 2467 coniecimus,
1141 2387 1231 2454 baud
1256 2387 1341 2454 mule

252 2515 428 2594 convenit,
466 2539 570 2606 φιωα
602 2513 693 2583 hunc
727 2511 939 2605 tyrannidem
969 2510 1084 2604 paullo
1122 2531 1199 2605 post
1229 2515 1341 2581 iniisse

251 2656 369 2704 notum
394 2636 445 2703 sit.
495 2637 646 2706 Verbum
672 2637 760 2703 cuim
777 2632 891 2713 ἐτεθη,
914 2637 1012 2732 etiam
1030 2635 1211 2716 Eusebius,
1237 2632 1341 2731 'siqui-

253 2759 332 2828 dem
356 2760 552 2853 Pberecyde
578 2786 655 2830 usus
681 2771 749 2840 est,
782 2762 828 2825 ita
852 2758 1031 2839 intellexit,
1057 2778 1094 2826 ut
1117 2757 1266 2828 τιθέναι
1290 2758 1340 2829 τὰ

251 2881 503 2962 Παναθήναια
529 2885 583 2952 sit:
609 2883 737 2977 aliquid
754 2854 836 2952 novi
856 2884 892 2956 in
910 2883 1147 2950 Panathenaeis
1168 2883 1340 2954 celebran-

254 3007 305 3074 dis
330 3009 521 3088 instituere,
547 3007 607 3075 sed
632 3009 719 3076 banc
743 3035 817 3076 rem
840 3033 960 3076 novam
985 3032 1056 3074 esse
1088 3025 1257 3082 certamen
1282 3037 1340 3102 gy-

252 3133 420 3211 mnicum,
446 3157 626 3225 perperam
652 3131 804 3199 credidit
855 3132 980 3198 Mirum
999 3129 1137 3224 quidem
1162 3149 1220 3211 est,
1247 3121 1338 3225 quod

254 3256 435 3348 scriptores
470 3253 512 3321 de
542 3256 609 3324 hoc
640 3255 799 3322 archonte
831 3279 938 3347 pauca
973 3272 1099 3320 tantum
1135 3253 1247 3349 deque
1279 3255 1336 3322 illo

253 3378 412 3446 Pisistrati
437 3380 585 3448 instituto
612 3379 804 3473 gravissim
830 3377 914 3446 nihil
939 3377 1096 3446 refertmt

288 3729 335 3799 25)
353 3727 394 3781 cf.
412 3729 527 3798 Boeclb.
547 3727 576 3783 C.
593 3731 614 3784 1.
632 3747 659 3801 p.
676 3731 739 3789 555.
