2906 4882
554 419 826 536 4111·-

130 630 281 698 sortosse
313 630 549 724 Arrhephoras
582 655 654 697 esse
699 653 798 723 posse
830 643 952 698 censet.
1012 629 1103 698 Dicit
1135 631 1225 700 enim

131 757 177 819 in
204 755 265 821 hac
297 755 445 848 Zophori
472 773 567 847 parte
601 777 670 821 non
703 757 813 846 ipsum
841 777 974 820 cursum
1001 753 1150 824 curulem
1174 754 1225 820 cf·

131 878 258 944 fictum
283 903 371 957 esse,
398 877 459 944 sed
487 876 572 944 solas
597 903 651 942 res
677 877 834 944 adhunc
860 901 993 944 cursum
1017 903 1225 994 peaeparau·

133 999 226 1066 dum
250 1002 463 1067 necessarias.
523 1003 567 1068 Et
599 1025 707 1094 quum
737 1023 808 1067 non
841 1024 956 1066 omnes
992 1024 1129 1090 currus,
1162 1000 1222 1072 sed

131 1122 321 1191 nonnullos
362 1141 490 1190 tautum
529 1122 693 1194 eiusmodi
730 1123 871 1190 feminas
915 1122 1085 1194 interdum
1122 1128 1222 1194 etiam

134 1245 261 1340 clypeo
278 1265 411 1313 ¹ornatus
433 1249 555 1314 vehere
580 1249 743 1328 observet,
764 1249 805 1315 V.
818 1249 860 1334 D.
888 1271 941 1314 eas
962 1249 1105 1342 virgines
1124 1275 1223 1342 ques·

134 1365 219 1434 dam
245 1364 466 1437 Athenienses
492 1395 563 1436 esse
590 1386 728 1452 censet,
764 1395 849 1463 quse
874 1369 1030 1438 ludorum
1057 1373 1222 1440 Panathe-

132 1494 333 1574 naicorum‚
359 1496 502 1560 maxime
525 1518 605 1560 vero
630 1495 854 1586 pyrrhichae,
879 1497 1061 1588 participes
1087 1495 1219 1564 suerint.

132 1619 224 1685 Nam
258 1639 362 1710 quarn
383 1615 434 1683 veu
469 1614 640 1684 nonnullis
674 1619 878 1711 scriptorum
900 1617 984 1686 locis
1006 1617 1050 1704 ¹¹)
1083 1619 1220 1713 puellae

133 1759 275 1834 quoque
305 1741 524 1833 pyrrhiclurm
554 1718 768 1822 saltaverint,
798 1759 831 1808 et
849 1767 967 1848 ‘quum
991 1761 1165 1835 praeterea
1186 1745 1221 1812 in

135 1863 211 1930 aliis
251 1863 458 1930 Graecorum
496 1862 585 1930 ludis
620 1864 762 1932 feminas
797 1867 895 1933 etiam
932 1865 1021 1932 ludis
1050 1863 1221 1936 curulibus

134 1986 327 2054 interfuisse
352 2011 393 2053 ex
417 1985 578 2052 Pausania
604 1985 717 2080 colligi
741 1990 873 2081 possit,
907 1989 1078 2056 Claracius
1106 2010 1220 2060 censet
1308 1983 1312 1996 '

135 2133 178 2176 ex
202 2109 366 2204 Cyniscae
395 2109 551 2202 exemplo
579 2111 679 2178 etiam
705 2109 748 2178 ad
770 2112 1012 2178 Panathenaico
1040 2117 1221 2182 certamina

134 2233 277 2299 seminas
305 2233 579 2316 admissasesse,
617 2235 818 2326 praesertim
851 2261 956 2326 quum
989 2256 1149 2328 appareat
1179 2263 1221 2304 ex

136 2354 240 2422 titulis
268 2357 540 2449 ap.Boeel‹hium
572 2357 625 2443 (C.
642 2359 667 2423 Ι.
693 2357 852 2427 n.1590.
880 2355 1012 2450 1591.),
1038 2385 1124 2428 anxio
1154 2363 1220 2428 cir-

138 2481 224 2546 citer
251 2479 322 2548 ‘250
357 2507 383 2545 a.
411 2480 490 2546 Chr.
526 2506 559 2546 n.
585 2507 640 2548 eas
669 2483 706 2546 in
730 2481 967 2549 Panathenaeis
1002 2486 1153 2576 praemio
1182 2510 1221 2552 se

138 2599 254 2670 ornari
281 2601 456 2669 studuisse.
507 2605 630 2671 Nescio
657 2603 817 2698 quidem,
852 2611 963 2674 utrum
988 2607 1071 2674 haec
1098 2633 1151 2674 res
1179 2635 1221 2676 cx

135 2725 241 2794 titulis
275 2723 383 2792 allatis
418 2745 600 2817 sequatur,
635 2752 748 2796 annon
772 2728 839 2814 ΙΒ),
874 2730 936 2796 sed
970 2753 1072 2825 quum
1110 2757 1222 2825 neque

131 2945 402 2960 ¹⁴—-—-·--·u—--..-=

179 3090 221 3156 tt)
243 3089 367 3158 Xenoph.
387 3089 473 3142 Anah.
490 3091 537 3152 VI,
561 3109 582 3153 ι,
602 3109 625 3160 7.
661 3091 743 3166 Apul.
762 3094 869 3145 Metam.
887 3095 919 3156 X,
938 3113 964 3164 p.
984 3097 1044 3164 ηδ.
1064 3095 1106 3147 ed.
1128 3097 1184 3166 Bip.

177 3209 222 3278 12)
243 3208 333 3278 Quum
352 3227 409 3262 non
430 3211 544 3280 amplius
561 3210 591 3261 in
608 3210 732 3264 manibus
750 3213 816 3264 meis
835 3215 869 3264 sit
888 3214 990 3283 Corpus
1003 3215 1219 3284 Inscriptionum,
1241 3195 1251 3212 .

248 3312 303 3362 quo
326 3296 354 3345 in
373 3297 506 3364 prioribus
526 3297 604 3348 huius
623 3297 710 3350 libelli
729 3300 883 3369 capitibus,
902 3319 970 3370 quae
988 3319 1059 3356 anuo
1077 3306 1222 3372 praeterito

246 3384 344 3453 partim
358 3385 484 3447 Berolini,
504 3387 600 3454 partim
615 3387 751 3439 Monachii
770 3391 852 3458 (quae
870 3388 949 3440 urbes
969 3399 996 3442 et
1016 3393 1079 3442 artis
1092 3394 1220 3462 antiquae

247 3471 373 3540 operibus
392 3480 420 3523 et
440 3472 578 3524 doctrinae
602 3475 740 3542 praesidiis
767 3477 950 3544 maximopere
976 3479 1124 3545 excellunt)
1154 3497 1221 3530 con-

245 3559 345 3628 scripsi,
366 3558 404 3609 uti
423 3568 551 3628 poteram.
586 3562 641 3612 Iam
659 3579 723 3613 vero
743 3562 808 3612 mihi
834 3562 948 3614 hiemem
975 3567 1136 3634 superiorem
1155 3569 1220 3620 Bre-

218 3689 219 3694 ,
243 3661 302 3693 snae
327 3641 434 3710 (legenti
461 3645 615 3697 mandatum
642 3656 683 3699 est
707 3649 867 3717 Amplissimi
895 3651 1036 3702 Ministerii
1065 3653 1221 3705 Electoralis

241 3732 378 3800 rescripto,
397 3741 428 3783 ut
439 3741 527 3802 partes
540 3735 721 3802 praeceptoris
735 3736 884 3802 linguarum
902 3740 1079 3790 recentiorum
1098 3741 1126 3792 iu
1137 3742 1221 3807 Gym-

238 3817 315 3868 nasio
341 3818 499 3870 Rinteliensi
519 3821 695 3884 sustinerem,
714 3838 794 3890 quam
815 3825 977 3893 provinciam
1003 3827 1113 3880 ineunte
1141 3828 1219 3880 huius

243 3901 307 3952 anni
329 3920 421 3954 mense
441 3905 526 3974 Aprili
543 3908 657 3976 suscepi.
704 3909 810 3959 Lectori
830 3911 912 3978 igitur
930 3911 1056 3965 benevoli
1074 3915 1151 3966 venia
1169 3933 1218 3984 pe-

242 3988 323 4039 tenda
348 3999 404 4052 cst,
431 3992 504 4060 quod
523 4011 578 4044 non
607 3995 693 4045 solum
718 4004 789 4047 totus
818 3998 861 4049 hic
883 4000 992 4051 libellus
1019 4003 1104 4053 multo
1124 4004 1216 4065 serius,

243 4089 322 4142 quiam
351 4093 525 4145 speraveram,
547 4081 575 4130 iu
594 4082 680 4132 lucem
699 4083 817 4151 prodiit,
836 4102 928 4136 verum
954 4089 1032 4138 etiarn
1051 4089 1078 4140 in
1099 4092 1217 4140 couscri-

242 4161 332 4213 benda
352 4163 410 4213 eius
430 4150 579 4233 posteriore
604 4177 680 4236 parte
709 4184 778 4238 quae
808 4170 841 4222 de
868 4173 935 4224 vasis
960 4173 1161 4226 Panathenaicis
1190 4187 1218 4228 et

244 4248 364 4320 Zopboro
391 4251 567 4306 Partlrenonis
587 4256 751 4328 potissimum
776 4260 832 4324 ugit
864 4261 975 4317 sortasse
1002 4261 1124 4328 neglecta
1153 4273 1216 4316 sunt
