2906 4882
665 423 909 493 ..86-

253 621 411 688 deorsum
433 618 569 711 quidem
597 617 741 686 flectitur
768 635 800 684 et
825 634 925 710 caput
950 615 1107 696 demittit,
1139 641 1240 708 quem
1265 635 1332 684 sta-

253 761 323 810 tum
350 743 448 809 etiam
476 744 510 806 in
545 740 618 810 aliis
653 740 834 809 discobolis
865 741 949 808 sicut
979 742 1016 806 in
1047 756 1152 806 statua
1175 740 1332 833 Myronis

253 865 433 934 clarissima
456 884 489 932 et
523 867 558 930 in
588 866 627 932 iis
663 889 747 959 quos
781 887 930 958 gemmae
956 861 1106 956 sculptae
1136 865 1332 958 saepissime

250 990 438 1084 praebent,
465 989 635 1056 observari
661 986 760 1069 licet,
786 985 847 1054 sed
873 1011 948 1056 crus
973 984 1128 1054 dextrum
1144 986 1238 1080 quod
1251 989 1333 1081 My·

251 1114 343 1184 roais
370 1110 564 1180 discobolos
589 1111 625 1176 in
650 1128 775 1177 terrem
797 1112 926 1191 statuit,
951 1127 1064 1178 noster
1095 1125 1187 1177 retro
1214 1112 1333 1202 porri-

251 1238 299 1328 git
332 1261 533 1329 manumque
572 1233 701 1302 laevem
739 1236 871 1330 pectori
906 1233 1058 1302 advertit.
1125 1231 1184 1300 Hie
1222 1234 1332 1302 tribus

251 1359 400 1441 athletis,
429 1359 551 1453 quibus
577 1383 632 1427 vos
656 1374 954 1426 commemoratum
978 1356 1151 1451 depictum
1175 1375 1243 1440 est,
1268 1357 1343 1424 ad:
1448 1343 1449 1364 ¹

252 1501 316 1552 stat
339 1503 476 1576 quartus
502 1484 563 1565 vir,
591 1509 691 1576 quem
708 1481 927 1552 athlothetam
953 1507 1023 1550 esse
1047 1507 1226 1576 negamus,
1251 1485 1332 1576 qnia

253 1627 287 1674 et
310 1607 412 1702 plene
434 1607 546 1674 nudos
570 1625 603 1674 et
623 1607 731 1676 ioculo
752 1605 923 1700 praeditus
951 1624 1010 1686 est,
1036 1631 1140 1700 quum
1161 1605 1333 1675 athlothe-

253 1749 302 1799 tas
327 1729 431 1825 pallio
457 1729 593 1798 indutos
619 1755 691 1797 esse
716 1731 910 1824 virgamque
936 1729 1069 1824 longam
1092 1748 1332 1798 manutenere

253 1871 391 1922 constet.
476 1834 479 1842 ¹

355 1977 424 2042 lam
449 1977 567 2069 igitur,
594 1993 751 2070 quattuor
780 1976 945 2071 pentathli
975 1974 1064 2044 ludis
1096 1975 1332 2060 consideratis,

255 2118 359 2168 restat
384 2118 421 2166 ut
445 2099 489 2166 ed
512 2100 668 2168 luctandi
691 2119 858 2170 certamen
882 2121 1103 2181 transeamus,
1134 2101 1227 2197 quod
1259 2127 1332 2171 non

254 2223 365 2292 solum
388 2226 425 2290 in
456 2225 531 2316 ipso
557 2222 751 2321 pentathlo,
787 2225 847 2292 sed
882 2226 980 2292 etiam
1012 2227 1121 2292 statim
1152 2245 1231 2322 post
1262 2227 1332 2294 hoc

257 2373 407 2416 seorsum
428 2347 580 2414 habitum
603 2373 674 2416 esse
701 2373 741 2414 ex
756 2347 858 2414 titulis
876 2347 981 2446 allatis
1003 2351 1134 2417 scimus.
1174 2349 1243 2416 Sed
1262 2368 1331 2416 tres

189 2562 191 2566 ι
257 2487 385 2538 tantum
424 2471 607 2570 amphorae
638 2472 922 2554 Panathenaicae,
949 2474 986 2538 in
1024 2474 1144 2568 quibus
1181 2473 1333 2540 luctandi

258 2612 428 2660 certamen
451 2596 571 2660 merito
606 2596 741 2686 agnosci
769 2614 898 2688 potest,
930 2597 968 2662 in
1000 2615 1216 2691 conspectum
1249 2597 1334 2664 mihi

250 2714 603 2809 1ceciderunt3prima
629 2719 717 2783 enim
748 2736 852 2786 exstat
875 2722 911 2785 in
939 2721 1026 2788 Mus
1050 2723 1160 2789 Princ.
1184 2721 1265 2788 Can.
1297 2747 1332 2786 n.

260 2835 331 2908 545
351 2835 419 2924 ²⁰),
455 2838 602 2908 secunde
631 2842 667 2907 in
705 2840 903 2912 collectione
937 2843 1186 2937 Depolettinna‚
1217 2845 1332 2925 tertia,

259 2962 349 3072 “edim
375 2989 393 3030 a
418 2963 587 3032 Labordio
606 2962 671 3050 ²¹),
695 2967 731 3034 in
756 2968 995 3062 Lambergiana
1028 2993 1113 3062 quae
1137 2971 1204 3036 iam
1226 2972 1333 3040 Vien-

258 3111 321 3152 nae
355 3105 466 3154 exstet
531 3091 616 3155 Nom
651 3115 755 3182 quum
793 3089 859 3159 duo
897 3091 955 3159 illa
989 3117 1065 3159 vasa
1100 3095 1187 3160 Mus.
1219 3094 1353 3166 Ptine„

208 3291 212 3296 Ι
260 3209 342 3276 Can.
366 3235 399 3276 n.
426 3208 507 3282 526.
537 3209 662 3292 1636„
693 3236 837 3304 quorum
867 3212 950 3281 latus
981 3240 1133 3284 aversum
1161 3215 1332 3284 luctatori-

259 3333 323 3400 bus
348 3351 501 3400 ornatum
529 3359 601 3400 esse
625 3332 886 3422 Ge1·hardns²²)
913 3337 1012 3421 dicit,
1036 3342 1201 3432 pancratii
1226 3359 1331 3408 certo-

261 3480 340 3522 men
364 3455 538 3524 manifesto
564 3456 758 3540 ostendant,
792 3458 946 3527 dubitare
971 3463 1068 3530 nobis
1093 3461 1188 3544 licet,
1221 3484 1331 3532 utrum

265 3603 321 3644 sex
349 3579 547 3676 amphorae,
579 3606 721 3673 quarum
743 3601 898 3675 quattuor
930 3584 1136 3656 collectionis
1161 3588 1331 3656 Cendelo-

261 3703 392 3785 rianae,
417 3729 483 3772 nna
506 3706 769 3778 Penettierianac
800 3706 879 3794 (iam
905 3709 1150 3797 Monacensis),
1182 3739 1246 3781 una
1272 3715 1338 3783 de-l

261 3826 365 3917 nique
390 3825 568 3894 Feolianae
592 3845 656 3910 est,
682 3855 797 3896 revera
820 3829 1038 3902 luctatoribus
1068 3834 1220 3931 depictae
1247 3844 1328 3923 sint,

298 4023 344 4091 20)
365 4020 443 4074 Edita
461 4023 490 4072 in
508 4022 582 4074 Mon.
600 4022 664 4074 dell'
685 4025 751 4075 last.
768 4023 849 4076 xxn.
867 4027 891 4078 5.
909 4025 936 4076 b.

297 4107 345 4177 at)
366 4108 505 4172 Laborde,
526 4109 610 4161 Vates
627 4109 661 4161 de
680 4110 817 4179 Lamberg.
835 4112 872 4180 pl.
891 4116 931 4184 ᾖ.
949 4114 990 4183 74.

298 4197 344 4268 22)
364 4197 430 4250 Anu.
450 4196 512 4250 dett*
530 4199 598 4252 lust.
618 4199 690 4254 1⁸30.
709 4216 734 4270 p·
750 4205 809 4256 2¹8·
828 4199 852 4255 5.
869 4203 896 4258 6.
