2906 4882
524 375 774 503 2-85-
1188 429 1193 460 ¹

111 631 257 723 poribus
283 630 405 723 singuli
429 633 578 724 quinque
594 630 666 698 ludi
684 656 833 698 seorsum
849 633 1064 700 haberentur.
1112 638 1191 702 Ete-

112 757 189 820 nim
212 755 374 820 Eusebius
402 778 477 835 eos,
508 756 544 820 in
568 754 766 847 pentathlon
793 758 1004 837 coniunctos,
1029 760 1066 823 in
1086 761 1192 825 Pana-

112 879 267 944 thenaeis
292 879 438 976 primum
462 877 516 944 Ol:
538 881 598 946 LV
624 879 754 948 habitos
781 905 852 946 esse
881 880 992 947 refert.
1043 884 1193 966 Quorum

108 1005 270 1098 quinqua
295 1002 452 1072 ludorum
476 1005 610 1070 nonnisi
633 1005 777 1079 sahunt,
803 1003 932 1070 discum
959 1023 991 1070 et
1014 1005 1194 1072 iaculatio-
1261 1059 1267 1074 .

112 1151 198 1194 nem
232 1127 374 1195 artifices
407 1128 443 1192 in
473 1127 557 1194 vasis
581 1128 831 1194 Panathenaicis
866 1129 962 1194 n'obis
995 1128 1193 1212 ostendunt,

110 1268 300 1344 propterea
326 1249 420 1344 quod
443 1275 558 1318 cursus
587 1268 620 1318 et
644 1250 779 1319 luctatio
801 1262 870 1318 non
884 1251 991 1318 solum
1007 1253 1094 1320 inter
1107 1243 1193 1346 pen-¹

114 1373 223 1440 tathli,
247 1373 347 1441 ludos
379 1375 612 1466 reperiuntur,
646 1373 707 1440 sed
741 1375 839 1442 etiam
873 1399 1023 1442 seorsum
1057 1378 1093 1442 in
1129 1379 1195 1445 hoc

114 1499 203 1566 festo
236 1499 456 1566 habebantur.
508 1500 624 1591 Itaque
659 1497 779 1578 saltus,
814 1497 924 1565 ‹lis'cus
958 1518 991 1567 et
1024 1500 1195 1582 heiulatio,

113 1647 223 1714 quum
248 1619 419 1713 pentathlo
445 1622 609 1714 imprimis
635 1622 767 1715 pioprii
793 1639 919 1703 essent,
953 1622 997 1688 ad
1026 1623 1117 1692 hune
1142 1624 1195 1690 lu-

114 1743 201 1810 dum
221 1743 430 1838 pingendum
453 1745 670 1828 sufficiebant,
695 1747 895 1838 praesertim
916 1771 1021 1840 quum
1043 1773 1197 1818 vasorum

115 1868 202 1935 latus
231 1893 382 1934 aversum
408 1893 522 1934 omnes
552 1870 701 1963 quinque
728 1867 826 1935 ludos
845 1895 966 1962 capere
992 1897 1060 1938 non
1081 1859 1195 1939 videti·

116 2010 181 2058 tur.
233 1993 368 2058 Paterae
397 1989 535 2083 quidem
559 1991 739 2058 Volcentes
772 1995 873 2058 rebus
905 1996 1068 2087 gymnicis
1096 2018 1193 2062 orna-

97 2135 168 2218 ‘tae
204 2113 322 2181 saltum
349 2113 523 2206 aliquoties
555 2116 652 2182 nobis
687 2115 867 2218 ostendunt
892 2113 954 2200 ¹7),
986 2115 1047 2182 sed
1081 2143 1192 2210 neque

114 2264 263 2331 gemmas
287 2237 432 2330 sculptas
458 2264 568 2332 neque
592 2263 667 2304 vasa
683 2239 924 2306 Panathenaico
943 2241 1005 2306 hac
1027 2264 1064 2305 re
1080 2261 1195 2308 emata
1244 2255 1252 2266 '

114 2387 218 2454 saepe
252 2363 447 2430 hironimus.
508 2365 593 2428 Nam
626 2387 730 2426 unum
767 2379 895 2450 tantum
926 2363 1024 2429 huius
1063 2368 1194 2456 generis

116 2512 173 2553 vas
198 2486 371 2579 pentathlo
399 2467 574 2580 depictum¹
594 2487 692 2552 nobis
716 2503 890 2578 superest.»
930 2485 1029 2572 Quod
1056 2487 1195 2580 quidem

115 2635 173 2676 vas
202 2612 287 2676 Mus.
312 2612 422 2677 Prino.
451 2611 532 2676 Can.
559 2636 591 2675 n.
623 2606 726 2679 1946.
744 2605 789 2693 Ι8)
814 2609 985 2676 hominem
1017 2610 1194 2677 barbatum
1231 2597 1232 2604 ἵ

117 2731 314 2827 nudumque
335 2733 440 2814 offert,
456 2734 513 2824 qui
528 2733 694 2800 bracchiis
710 2735 859 2799 retractis
869 2704 1037 2825 laterique
1055 2759 1196 2827 appres-

117 2855 182 2937 sis,
206 2856 349 2924 halteres
375 2857 527 2924 manibus
554 2873 665 2936 tenet,
688 2857 909 2949 omnibusque
933 2858 1057 2922 viribus
1083 2859 1195 2948 prosi-

118 2979 167 3051 lit.
220 2977 289 3046 Sed
311 2973 583 3069 iaculatoris'¹9)‚
610 3003 711 3071 quem
735 3003 824 3071 pone
849 2980 939 3045 hunc
972 2981 1081 3046 virum
1112 3005 1194 3084 cop·
1289 3009 1291 3014 ·

119 3105 290 3197 spirituus,
316 3115 415 3172 status
432 3129 501 3171 non
525 3106 635 3170 minus
661 3090 812 3169 insolitus
839 3126 909 3167 esse
923 3101 1076 3205 ridetur,
1095 3131 1195 3198 quam

120 3228 304 3308 discoboli,
337 3253 437 3321 quem
469 3229 599 3321 pictura
632 3244 749 3293 nostra¹
766 3225 932 3318 ostendit.
992 3227 1053 3294 Ille
1088 3231 1194 3311 enim,

119 3377 221 3418 manu
252 3370 285 3418 et
321 3377 417 3418 crure
454 3351 549 3420 laevo
583 3350 743 3430 sublatis,
779 3375 878 3415 manu
920 3349 1060 3431 dextra,
1094 3378 1194 3444 quam

109 3487 222 3567 'supra
247 3475 405 3542 humeros
426 3492 527 3557 tenet,
552 3474 696 3542 iaculum
713 3475 849 3558 emittit3
875 3472 1067 3541 discobolos
1085 3492 1195 3540 autem

122 3617 395 3634 ........-.---
1176 3589 1182 3634 l

161 3686 204 3752 ¹7)
225 3681 307 3732 Cuius
331 3682 368 3738 rei
386 3680 546 3752 ¹exemplum
573 3682 653 3730 altero
679 3685 798 3746 pateram
816 3679 887 3730 Mus.
905 3695 959 3748 reg.
977 3680 1064 3731 Berol.
1086 3697 1113 3732 n.
1133 3697 1192 3751 797.

234 3766 334 3817 sitiam
354 3781 369 3816 a
388 3765 527 3817 carnario
546 3767 607 3816 ant.
620 3763 712 3815 rttdw.
732 3765 791 3814 'ran
814 3753 893 3818 Lvh.

164 3857 204 3925 18)
222 3855 331 3907 Etlitum
352 3854 380 3904 in
398 3854 472 3904 Mon.
490 3853 553 3904 ‹lell’
573 3855 638 3904 lust.
657 3851 738 3914 xxn,
759 3871 780 3906 ι.
794 3851 820 3902 b.

155 3936 203 4012 ⁸19)
223 3942 310 3992 Etiam
322 3939 450 4008 amphora
461 3940 540 3990 huius
554 3939 661 4008 generis
674 3939 762 3989 minor
777 3939 947 3990 collectionis
962 3938 1116 4002 Feoliauae,
1128 3955 1197 4007 quae

226 4029 277 4079 iam
298 4026 437 4078 Monacbii
463 4035 564 4090 exstat,
591 4027 739 4082 iaculatore
759 4034 786 4077 et
812 4027 903 4078 auleto
931 4034 1026 4078 ornata
1050 4034 1108 4088 est,
1125 4043 1195 4094 quae

228 4113 337 4181 quidem
358 4131 399 4164 res
421 4113 499 4166 ludos
518 4114 653 4180 gymnicos
680 4122 708 4166 et
729 4113 841 4167 musicos
867 4115 895 4164 ia
916 4111 1108 4164 Panathenaicis
1133 4130 1196 4164 con·

229 4201 334 4256 iunctos
353 4202 464 4252 inuuere
484 4201 597 4252 videtur.
