2920 4868
587 409 810 481 ..7-

153 607 248 676 sibus
271 603 363 706 elicit.
413 605 573 678 Nesciunt
594 625 704 677 autem
722 603 877 701 plerique
896 630 963 700 quo
980 602 1055 675 loeo
1078 624 1111 676 et
1124 599 1243 676 ordine
1270 587 1276 600 ”
1311 659 1314 666 ·

150 728 314 823 ponenda
339 731 407 798 sint
429 730 511 798 haec
531 755 643 814 sacra,
669 753 755 824 quae
780 729 903 822 partim
921 753 997 796 cum
1018 745 1085 797 tota
1102 727 1242 816 deorum

150 871 272 921 natura
297 869 364 918 tem
389 869 478 920 arcte
506 837 702 936 cohaerent,
734 871 772 922 ut
797 877 869 920 eam
893 873 1057 948 persaepe
1081 853 1177 946 quasi
1208 855 1245 921 iu

151 974 270 1044 iucem
293 975 480 1068 proferant,
516 978 640 1070 partim
666 1001 743 1045 cum
768 979 905 1046 civitatis
938 976 1045 1047 forma
1070 979 1247 1046 institutis·

155 1124 227 1194 que
253 1099 427 1168 coniuncta
449 1121 534 1170 sunt
599 1101 803 1202 Plerumque
836 1103 937 1196 igitur
971 1127 1042 1171 non
1067 1103 1178 1170 minus
1203 1101 1246 1173 de

122 1315 126 1323 1
155 1221 304 1290 deorum
328 1241 443 1292 natura
475 1222 634 1319 cultuque
676 1251 777 1319 quam
804 1223 847 1294 do
877 1226 1044 1294 civitatum
1071 1215 1247 1307 institutis,
1273 1227 1280 1238 '

156 1346 288 1414 omissis
325 1347 444 1416 ritibus
469 1349 731 1442 muneribusque
762 1349 863 1416 sacris
897 1349 949 1441 agi
980 1346 1073 1416 solet
1132 1345 1248 1415 Altera

149 1473 209 1538 'est
234 1489 346 1538 autem
370 1495 483 1540 caussa
508 1471 544 1538 in
570 1494 610 1540 eo
635 1474 760 1566 posita,
786 1470 881 1566 quod
905 1471 1058 1540 homines
1081 1468 1173 1540 (loeti
1194 1471 1248 1538 inc·

158 1593 312 1688 telligere
337 1594 511 1676 videntur,
543 1619 579 1664 se
612 1597 684 1664 sine
708 1615 1002 1664 monumentorum
1033 1594 1111 1662 artis
1136 1591 1248 1662 studio

159 1714 204 1784 ad
244 1741 339 1784 sacra
380 1713 517 1811 publiea
560 1713 787 1786 describenda
826 1714 988 1785 accedere
1027 1740 1099 1786 uon
1137 1703 1248 1811 posse.

159 1841 313 1924 Quorum
338 1857 628 1908 monumentorum
652 1858 720 1910 tota
750 1840 822 1908 iere
848 1836 1022 1923 doctrina,
1059 1866 1164 1936 quum
1187 1839 1251 1908 ad·

160 1961 227 2028 huc
258 1964 296 2030 in
337 1959 512 2030 elementis
542 1973 716 2044 terretur,
753 1946 823 2032 'non
861 1961 963 2032 modo
997 1964 1248 2058 antiquitatibus

163 2087 261 2154 saeris
286 2084 401 2154 lumen
426 2084 577 2155 nondum
594 2085 720 2170 attulit,
744 2087 806 2156 sed
832 2111 887 2156 ne'
902 2090 937 2156 in
960 2086 1088 2156 subulas
1108 2087 1249 2184 quidem

161 2207 303 2278 deorum
329 2208 546 2306 explicandas
582 2211 649 2279 vim
686 2235 780 2278 suam
812 2211 939 2305 ubique
974 2213 1133 2282 exercuit.
1198 2211 1248 2279 Ea

161 2333 251 2398 enim
282 2334 445 2410 sententia
477 2332 544 2400 iam
581 2330 711 2401 dudum
736 2332 876 2400 refutata
911 2351 962 2401 est
998 2357 1083 2426 quae
1118 2331 1247 2400 subulas

161 2457 238 2524 istas
265 2433 524 2548 antiquissorum
548 2471 738 2548 temporum
763 2451 849 2521 nihil
874 2453 939 2522 nisi
960 2478 1052 2520 mera
1076 2454 1249 2548 cogitatio-

122 2572 125 2582 '
161 2578 213 2644 nis
250 2592 437 2666 commenta
473 2599 545 2642 esse
579 2572 679 2658 dicit,
719 2595 818 2669 atque
849 2575 1071 2674 philosophos
1113 2575 1249 2644 demum

162 2699 410 2767 cohaerentiam
445 2722 559 2766 rerum
591 2697 779 2767 divinarum
816 2699 1104 2792 humanarumque
1142 2699 1250 2794 expli·
1331 2749 1336 2756 ι

164 2848 240 2892 care
264 2819 450 2903 studuisse,
474 2821 520 2888 ita
544 2837 582 2888 ut
605 2840 741 2916 postero
767 2821 904 2889 demum
926 2794 1078 2915 tempore
1100 2838 1249 2888 veterum

163 2946 305 3014 deorum
330 2939 515 3012 simulacris
537 2944 699 3009 sententia
723 2943 872 3010 subiecta
896 2943 947 3010 sit
997 2942 1104 3009 Immo
1131 2961 1251 3009 cuncta

163 3062 306 3134 deorum
330 3067 498 3135 veneratio
531 3089 572 3131 ex
606 3060 687 3130 fidei
723 3086 906 3156 sensusque
932 3059 1151 3130 fundamento
1178 3081 1251 3130 orta

164 3206 230 3269 est,
258 3211 325 3281 quo
352 3185 424 3256 solo
450 3186 556 3254 omnis
580 3185 650 3252 uita
675 3179 786 3250 divina
812 3183 977 3251 contineri
1003 3183 1155 3271 videtur,
1188 3186 1251 3253 ita-

163 3336 230 3406 que
255 3309 346 3405 apud
371 3310 517 3379 Graecos
544 3331 681 3402 quoque
706 3305 837 3373 schedae
872 3331 984 3374 sacrae
1008 3332 1079 3375 non
1104 3333 1143 3375 ex
1165 3331 1250 3401 poe·

163 3453 271 3503 tarum
303 3433 439 3502 demum
456 3433 625 3526 ingenio,
665 3428 727 3497 sed
761 3454 801 3498 ex
840 3428 961 3524 populi
995 3431 1100 3523 ipsius
1137 3449 1249 3498 mente

162 3558 394 3628 nascebantur.
455 3554 648 3621 Rectissime
680 3555 771 3620 enim
796 3553 937 3622 Graecia
968 3571 1104 3622 vocatur
1129 3551 1247 3644 μυθο-

162 3674 270 3757 τόκος
292 3673 432 3756 Ἑλλάς.
493 3678 605 3770 Atque
636 3678 744 3744 omnis
773 3673 926 3746 doctrina
949 3675 1204 3771 humanitasque
1229 3703 1248 3744 a

162 3803 266 3870 rebus
289 3801 408 3870 divinis
433 3798 620 3893 fabulisque
645 3799 777 3866 initium
796 3801 904 3893 cepit,
931 3824 1007 3865 nam
1026 3789 1249 3894 φιλειδήμων

162 3914 422 4018 diruperunt·
453 3916 646 4012 προοίμιον
672 3909 713 3989 δὲ
738 3917 876 3990 τούτου
901 3918 947 3991 τὸ
974 3916 1187 4015 φιλόμυθον
1214 3915 1243 4016 ¹)

221 4192 246 4262 ι)
266 4189 362 4244 Strabo
380 4191 400 4247 i.
418 4207 445 4263 p.
466 4193 504 4246 ιθ.
