2906 4882
556 458 825 524 -127-

146 650 327 720 commode
351 652 450 718 statui
484 669 612 744 potest,
646 675 723 716 cum
755 651 789 716 in
825 649 890 717 hoc
921 645 1081 742 Zophoro
1108 647 1224 720 adole«

143 795 294 844 suentem
320 775 471 842 florentis
504 775 617 842 aetatis
651 775 795 839 effictum
821 797 919 857 essc3
960 771 1091 842 accedit
1128 773 1220 866 quod

139 899 306 968 vulcano·
324 901 411 965 iuxta
434 895 531 964 deam
556 896 657 978 illem,
684 898 753 964 sire
775 895 900 978 Venus,
927 897 994 964 sive
1011 897 1126 980 Ceres,
1152 901 1222 968 sive

141 1025 254 1091 Diana
278 1039 350 1105 cst,
386 1020 479 1089 locus
504 1042 573 1088 nou
608 1023 653 1087 ita
676 1018 818 1088 idoneus
847 1038 942 1088 esset.
993 1023 1086 1104 Quae
1114 1044 1217 1114 quum

143 1147 194 1219 ita
217 1148 294 1228 sint,
320 1147 447 1212 enimus
474 1141 630 1226 inclinat,
664 1144 760 1210 utin
784 1142 1003 1212 Lenomann
1024 1147 1218 1214 seutentiam

140 1267 335 1349 discedam,
367 1267 438 1335 aliis
468 1286 578 1335 tumen
601 1269 722 1334 caussis
745 1267 1014 1360 argumentisque
1039 1265 1202 1336 adductus

143 1393 205 1460 Ille
237 1394 330 1460 euim
364 1392 405 1458 V.
438 1393 479 1457 D.
507 1391 714 1457 Mercurium
746 1415 823 1458 oum
854 1390 988 1458 Venere
1027 1391 1215 1484 coniungit,

140 1533 321 1612 propterea
356 1513 448 1608 quod
473 1511 793 1606 Hermaphroditus,
825 1515 845 1580 i.
870 1537 899 1580 e.
925 1515 1113 1585 Mercurius
1138 1502 1229 1583 cum·

140 1641 278 1708 Venere
310 1640 524 1718 coniunctus,
555 1639 643 1706 inter
670 1637 914 1729 antiquissimos
941 1638 1069 1704 Atticae
1106 1637 1219 1704 cultus

138 1763 242 1830 fuisse
276 1759 435 1830 videatur.
485 1761 613 1828 Verum
643 1761 742 1826 etium
777 1761 812 1826 in
843 1760 907 1828 huc
943 1785 980 1826 re
1012 1763 1213 1854 interpretes

138 1887 307 1954 nonsatis
332 1899 546 1978 reputarunt,
573 1881 656 1976 quid
681 1881 818 1952 tandem
841 1883 1146 1978 Hermaphroditus
1168 1884 1210 1952 ud

137 2010 326 2077 Minervam
351 2005 522 2075 Peliadum
555 2024 655 2099 utque
691 2005 735 2073 ad
768 2007 1020 2088 Panathenaea,
1058 2009 1128 2076 cius
1162 2007 1214 2077 le-
1257 2017 1259 2026 '

136 2150 238 2214 stum,
263 2133 437 2226 pertineat.
489 2131 594 2197 Immo
621 2131 828 2198 Mercurium
860 2153 1065 2224 cognoscere
1093 2155 1213 2224 possu-

135 2278 228 2339 mus,
254 2259 413 2352 qnoniam
439 2257 915 2348 uoluminumgymnioorum
942 2253 1024 2324 deus
1051 2271 1137 2335 erut,
1168 2256 1214 2323 ita

135 2398 173 2450 ut
194 2399 351 2474 tanquam
373 2373 578 2471 Ἐναγώνιος
607 2379 671 2459 hoe
697 2377 773 2446 loeo
792 2379 924 2446 ‘effictus
951 2361 1027 2464 sit3¹
1045 2405 1110 2472 qua
1137 2381 1214 2472 qui-

134 2501 267 2571 demin
290 2527 328 2570 re
354 2525 416 2571 nos
439 2506 582 2584 nescire,
609 2527 669 2569 cur
694 2501 809 2568 artifex
828 2501 907 2570 huic.
932 2503 1056 2595 figurae
1080 2507 1216 2596 σχῆμα,

98 2673 104 2693 1
133 2621 329 2716 α’νιωμένον
353 2623 495 2703 dederit,
522 2625 750 2694 confitendum
777 2645 835 2694 est
863 2596 867 2606 Ι

241 2753 310 2816 lam
349 2747 537 2816 accedimus
579 2749 623 2815 ad
660 2751 783 2842 figuras
820 2769 998 2844 sequentes
1041 2751 1214 2844 explican-

132 2878 192 2946 das
212 2873 261 2959 ²²)
296 2871 437 2970 quarum
466 2875 575 2967 prima
606 2871 657 2941 vir
688 2873 846 2940 barbatus
881 2892 952 2956 est,
984 2876 1038 2940 eui
1069 2873 1211 2967 pallium

131 3002 326 3069 inferiorem
365 2999 515 3092 corporis
550 3015 681 3090 partem
715 2997 804 3088 tegit
870 2974 1012 3064 Laevum
1052 2998 1211 3091 imposuit

129 3127 273 3192 humero
300 3119 523 3190 adolescentis
547 3121 606 3214 qui
630 3117 675 3186 ad
702 3143 780 3186 eum
804 3121 954 3213 respicit,
979 3119 1023 3186 itu
1048 3139 1085 3188 ut
1103 3121 1213 3210 hosce,

131 3251 252 3342 figuras
287 3242 534 3338 quodammodo
565 3243 655 3310 inter
689 3269 726 3311 se
761 3241 1011 3339 coniungendas
1038 3269 1122 3345 esse⁸
1138 3219 1208 3312 mass

132 3373 289 3438 niscstum
313 3371 362 3434 sit.
412 3369 550 3460 Optimo
585 3367 658 3434 iure
693 3367 882 3436 Muellerus
919 3394 976 3438 eos
1011 3361 1212 3462 Neptunum.

135 3511 169 3562 et
198 3491 451 3560 Erichthonium
487 3515 560 3558 osse
596 3515 739 3558 censere
775 3493 857 3558 mihi
890 3493 1048 3574 videtur,
1089 3517 1204 3586 neque

132 3617 284 3710 intelligo
311 3639 369 3682 eur
397 3617 601 3681 Lcnormant
638 3615 701 3681 hac
733 3613 953 3706 explicatione
979 3619 1126 3699 reiecta,
1161 3619 1209 3686 ti-

133 3765 208 3806 rum
239 3739 413 3805 barbatum
439 3737 634 3831 Neptunum
665 3738 896 3806 Erechtheum
938 3756 972 3808 et
1004 3741 1204 3812 adoloscen-

134 3839 400 3930 sem'Theseum
423 3861 554 3928 habeut
616 3865 792 3955 Neptunus
818 3880 930 3930 autem
956 3887 995 3930 ea
1020 3863 1065 3930 de
1092 3889 1203 3934 caussa

132 3987 188 4053 hic
216 3987 339 4054 ellictus
368 4009 441 4052 esse
458 3981 591 4052 videtur
615 3987 693 4080 quia
719 4011 793 4054 cum
811 3987 1121 4060 Panehenaeomm
1140 3989 1202 4058 dea

164 4245 209 4314 ια)
226 4243 289 4295 Brit.
308 4245 376 4295 Mus¹
397 4259 423 4296 n.
447 4261 484 4314 ¹9·
506 4261 548 4303 ut.
567 4247 728 4298 Lcnormant
745 4247 783 4317 pt.
805 4248 833 4312 X,
857 4267 878 4303 ι.
