2920 4868
638 371 897 492 ἱ--ιιι-

229 612 459 679 Panathenaea
483 615 632 678 omnium
656 615 816 682 festorum
842 619 1021 684 maximum
1045 640 1181 702 vocant,
1217 647 1323 716 quum

223 755 278 805 'tot
302 761 356 802 res
381 737 418 801 in
442 732 540 800 aliam
565 761 718 830 magnam
748 739 823 807 lasti
847 740 1104 814 sollemnitatem
1130 745 1324 814 conciliatas

225 883 297 926 non
317 860 536 952 reperiamus.

325 983 416 1050 Ecce
439 983 542 1074 igitur
565 1002 615 1051 tot
639 1003 816 1080 tantaeque
835 1012 890 1056 res
913 1013 998 1082 quae
1023 990 1059 1054 iu
1078 990 1324 1068 Panethenaeis

224 1106 365 1188 fiebant,
391 1124 429 1172 ut
454 1107 692 1199 quaerentibus
720 1110 838 1193 nobis,
869 1135 971 1204 quem
993 1110 1149 1180 ordinem
1182 1115 1326 1180 seriem·

225 1229 294 1322 que
318 1230 354 1295 in
378 1228 431 1295 his
466 1227 685 1296 sollemnibus
720 1229 896 1300 celebratis
921 1235 1142 1304 Athenienses
1169 1263 1326 1306 servave-

222 1352 315 1434 rint,
348 1331 413 1419 ntis
440 1351 527 1418 nihil
551 1351 622 1418 fere
649 1350 692 1420 de
717 1355 783 1420 hoc
809 1355 929 1423 ordine
956 1361 1039 1426 certi
1064 1324 1190 1426 habere
1216 1361 1327 1428 conli-

224 1474 365 1544 tendum
395 1476 463 1558 sit,
502 1475 583 1568 quia
615 1478 798 1576 scriptores
833 1481 966 1546 nonnisi
999 1481 1109 1549 oblata
1143 1487 1325 1552 occasione

175 1596 431 1691 'singularum
470 1622 586 1666 rerum
621 1597 828 1668 mentionem
858 1601 993 1669 faciunt.
1061 1605 1138 1672 Huc
1176 1607 1324 1691 accedit,

222 1719 319 1813 quod
342 1744 412 1788 non
437 1717 514 1786 ab
503 1723 599 1790 mitio
624 1725 934 1790 Panathenaeorum
963 1745 1179 1842 peractorum
1201 1753 1322 1796 omnes

222 1842 463 1911 sollemnitates
495 1845 562 1912 hoc
598 1807 721 1909 iestum
742 1866 877 1910 ornasse
902 1842 1053 1937 legimus.
1109 1849 1176 1914 De
1184 1866 1322 1942 tempo-

200 1947 315 2033 ribus
340 1967 431 2034 enim
457 1991 543 2060 quae
565 1966 691 2032 Thesei
713 1989 855 2059 regnum
880 1969 1117 2059 sequebantur,
1137 1971 1227 2040 nihil
1246 1972 1321 2040 fere

220 2106 341 2156 notum
366 2107 432 2171 est,
466 2087 560 2182 quod
584 2087 667 2155 huic
692 2089 743 2155 rei
765 2088 882 2156 lumen
909 2090 1026 2156 afferre
1050 2093 1178 2184 possit,
1212 2119 1322 2189 quum

219 2211 342 2279 festum
375 2213 487 2305 ipsum
509 2238 527 2278 a
552 2213 685 2280 Theseo
712 2210 886 2306 usquead
910 2215 1221 2306 quinquagesimam
1247 2213 1340 2281 scre·

220 2334 462 2431 Olympiadem
486 2335 523 2400 in
553 2336 754 2403 obscuritate
780 2333 926 2427 quadam
941 2354 1099 2402 maneret
1148 2337 1236 2402 Nam
1255 2363 1323 2402 una

219 2477 350 2526 tantum
375 2459 519 2524 narratio
544 2456 644 2523 nobis
665 2472 821 2549 superest
841 2447 898 2544 ¹⁸),
924 2481 991 2548 qua
1014 2456 1228 2550 Androgeus,
1250 2462 1322 2526 Mi-

217 2581 294 2646 nois
328 2579 432 2662 lilius,
469 2578 616 2645 Athenas
640 2578 834 2671 pervenisse
871 2578 990 2671 ibique
1024 2604 1139 2646 omnes
1174 2582 1318 2649 athletas

218 2703 401 2768 certamine
426 2703 543 2767 vicisse
569 2699 720 2782 traditur,
744 2725 785 2767 ex
811 2726 877 2793 qua
902 2699 940 2766 id
957 2699 1066 2768 solum
1090 2702 1210 2784 elucet,
1239 2731 1318 2772 cer-

219 2826 343 2891 tamina
383 2842 418 2891 et
442 2821 581 2916 quidem
605 2823 760 2916 gymnica
796 2825 862 2890 iam
898 2841 969 2890 tum
1002 2826 1039 2890 in
1074 2827 1320 2895 Panathenacis

217 2947 304 3016 faeta
329 2971 410 3014 asse.
474 2950 566 3033 Quae
590 2973 645 3014 res
670 2949 736 3013 iam
762 2971 827 3039 per
852 2971 887 3014 se
912 2945 1094 3013 admodum
1126 2951 1320 3040 probabilis

220 3090 288 3153 est,
322 3095 426 3165 quum
451 3069 523 3137 ludi
549 3074 695 3165 gymnici
720 3071 801 3138 iude
823 3072 865 3137 ab
890 3071 1125 3162 antiquissimis
1141 3076 1318 3164 tempori:

220 3196 284 3262 bus
297 3193 504 3262 Graecorum
528 3195 611 3262 festa
630 3195 915 3289 magnificentiora
935 3191 1158 3273 reddiderint,
1185 3197 1320 3262 etiamsi

220 3311 313 3410 apud
337 3317 521 3384 Homerum
542 3310 587 3407 Ι9)
616 3316 754 3411 quidem
778 3341 848 3384 non
873 3315 1042 3397 inferiis,
1073 3312 1192 3380 sedin
1218 3333 1320 3386 euse-v

219 3442 310 3535 qniis
332 3439 479 3508 Patrocli
494 3439 636 3509 adhibiti
655 3441 874 3506 inveniantur.
924 3439 974 3504 Ex
997 3463 1062 3531 qua
1083 3437 1319 3530 pulcherrima

221 3561 345 3658 poetae
372 3565 592 3657 antiquissimi
620 3561 848 3654 descriptione
877 3559 1077 3626 discendum
1110 3579 1178 3642 cst,
1218 3566 1317 3632 cuius

223 3689 354 3782 generis
379 3685 504 3753 suerint
524 3686 642 3779 primis
667 3682 876 3775 temporibus
898 3680 1103 3747 Graecorum
1130 3687 1318 3752 certamina

223 3813 386 3905 gymnica.
453 3809 591 3878 Certant
614 3810 703 3876 enim
728 3804 820 3899 apud
844 3805 1031 3872 Homerum
1057 3801 1177 3869 Gracci
1204 3810 1317 3900 equis,

471 3999 502 4008 .—

260 4107 302 4176 18)
322 4103 449 4173 Apollod,
471 4105 517 4155 Ill.
540 4111 577 4172 ¹4·
598 4123 622 4176 7.
659 4103 741 4157 Diod.
761 4099 811 4152 Sic.
828 4098 872 4148 tv,
890 4100 933 4149 oo.

261 4195 302 4264 ¹9)
322 4194 354 4253 ll,
377 4193 471 4247 ΧΧΙΙΙ,
492 4198 543 4248 262
563 4210 621 4263 sqq,
