2906 4882
650 388 894 452 ...5⁶2-

235 579 315 646 dcm
329 603 379 646 re
406 579 549 646 artifices
571 579 727 646 facillime
753 579 997 674 significabant,
1023 578 1195 674 quodnam
1219 578 1320 645 huius

236 704 425 770 certaminis
450 727 554 796 genus
581 704 625 770 ob
653 701 770 770 oculos
796 727 926 795 ponere
952 687 1091 770 vellent:
1118 721 1230 768 utrum
1252 719 1321 767 sta-

235 827 348 908 dium,
371 851 414 892 an
441 822 623 908 dolicbum,
650 852 693 892 an
719 825 876 892 diaulum.
912 826 997 892 Nam
1023 851 1127 920 quum
1139 827 1321 892 Pausanias

235 973 413 1016 numerum
439 948 746 1016 stadiodromorum
776 951 898 1016 iustum
923 968 1080 1042 quattuor
1112 975 1186 1016 esse
1218 948 1322 1028 dicat,

233 1073 318 1142 hacc
339 1075 442 1140 verba
464 1075 590 1166 optime
608 1073 847 1140 confirmantur
872 1097 947 1139 vase
970 1072 1028 1139 illo
1045 1073 1147 1140 modo
1167 1097 1321 1140 comme-

233 1214 363 1266 morato
389 1197 490 1283 (Mus.
513 1198 625 1263 Princ.
653 1197 737 1266 Can.
764 1221 797 1262 n.
824 1193 929 1281 807),
960 1195 1054 1289 quod
1079 1195 1196 1262 itidem
1222 1213 1322 1290 quat-

233 1339 309 1388 tuor
333 1322 432 1387 nobis
468 1343 623 1388 cursores
657 1345 675 1385 a
709 1319 803 1386 laeva
837 1319 881 1385 ad
911 1315 1062 1385 dextram
1079 1317 1111 1404 9)
1145 1337 1322 1386 currentes

233 1443 398 1522 ostendit,
426 1444 481 1508 cui
507 1443 642 1534 imagini
667 1445 828 1536 inscripta
853 1461 930 1511 sunt
954 1444 1039 1509 hacc
1060 1445 1177 1510 verba:
1206 1441 1324 1509 ΣΤΑ·

233 1560 356 1632 ΔΙΟΝ
382 1559 584 1632 ΑΝΔΡΟΝ
609 1565 751 1648 ΝΙΚΗ,
779 1591 819 1632 ex
845 1567 967 1659 quibus
992 1591 1054 1634 nos
1084 1591 1221 1632 scenam
1257 1567 1323 1632 ho-

233 1690 361 1758 minum
385 1687 537 1754 stadium
563 1690 770 1755 currentium
796 1691 994 1781 conspicere
1018 1707 1167 1783 apparet
1205 1691 1322 1782 Atque

236 1837 341 1904 quum
364 1809 463 1877 stadii
488 1787 651 1904 spatium,
678 1807 771 1902 quod
804 1809 907 1878 semel
942 1829 1015 1879 crat
1048 1811 1322 1893 decurrendum,

234 1949 468 2000 sexcentorum
493 1933 621 2027 pedum
643 1952 739 2018 essct,
767 1936 803 2000 in
830 1936 892 2002 hac
919 1961 1017 2002 scena
1041 1954 1164 2002 metam
1179 1935 1222 2001 ad
1237 1935 1324 2001 dex-

235 2074 321 2124 tram
345 2056 541 2152 ponendam
566 2083 638 2124 esse
668 2061 881 2126 manifestum
916 2078 975 2126 cst
1034 2057 1142 2126 Simili
1175 2060 1324 2152 imagine

237 2200 355 2250 ornata
368 2199 419 2248 est
435 2182 597 2274 amphora
608 2180 804 2248 Kolleriana
813 2185 900 2250 illus.
912 2207 983 2276 reg.
992 2181 1100 2250 Berol.
1112 2207 1145 2248 n
1160 2181 1246 2252 644.
1261 2183 1324 2270 ¹⁰);

236 2302 298 2370 sed
326 2323 438 2370 uuum
465 2306 621 2372 'cursores
647 2305 698 2371 illi
727 2325 900 2399 quattuor,
934 2330 1018 2399 quos
1049 2305 1249 2374 Gcrhardus
1276 2306 1323 2391 ΙΙ)

232 2420 272 2495 in
297 2428 431 2496 duobus
456 2431 541 2496 vasis
564 2432 652 2495 Mus.
677 2431 788 2498 Princ.
815 2431 896 2498 Can.
925 2455 957 2496 n.
972 2430 1068 2500 ‘2599
1095 2428 1325 2512 e21341de-

237 2553 346 2645 pictos
374 2568 631 2631 commemorat,
663 2577 682 2618 a
706 2551 800 2622 laeva
825 2552 869 2620 ad
895 2553 1046 2621 dextram
1057 2553 1229 2634 cendant,
1254 2579 1325 2620 nec

239 2699 304 2756 no,
329 2699 384 2740 me
412 2672 552 2766 quidem
574 2675 666 2767 sugit.

311 2797 494 2890 Utcunque
511 2821 583 2864 sese
605 2799 689 2866 haec
703 2823 759 2864 res
775 2799 885 2878 habet,
908 2800 1006 2866 facilc
1021 2800 1201 2894 colligitur,
1224 2819 1325 2894 quat-

239 2941 315 2989 tuor
338 2944 491 2988 cursorcs
516 2944 600 3014 quos
623 2923 784 3014 amphora
807 2923 957 2990 eiusdem
975 2925 1086 2990 Musei
1105 2951 1137 2990 n.
1159 2923 1252 2996 1767
1276 2923 1324 3008 ¹²)

241 3071 260 3111 a
287 3042 405 3110 dextra
432 3041 476 3109 ad
508 3042 635 3112 laevam
666 3043 842 3112 tendentes
873 3044 1043 3125 ostendit,
1075 3072 1145 3114 non
1177 3047 1325 3114 stadium

242 3191 391 3246 currere,
418 3167 497 3258 quia
524 3185 558 3232 ct
580 3167 735 3233 columna
760 3169 796 3232 in
817 3169 884 3234 hoc
908 3193 984 3235 vase
1009 3167 1052 3235 ad
1066 3168 1197 3236 laevam
1212 3172 1326 3263 posita

274 3449 303 3518 9)
322 3445 420 3514 ltaque
440 3455 530 3494 errore
549 3439 664 3511 quodam
684 3439 841 3493 Gerhardm
861 3442 986 3511 (Berlin'r
1010 3443 1071 3494 Ant
1094 3443 1189 3498 Bildn.
1213 3462 1240 3514 p.
1259 3445 1326 3515 208)

346 3527 544 3582 stadiodromon
563 3545 577 3580 a
595 3526 691 3580 deutra
709 3527 743 3580 ad
763 3528 866 3580 hevam
885 3545 992 3582 currere
1011 3529 1086 3581 dicit

281 3619 324 3692 ro)
343 3615 423 3669 Edita
441 3617 469 3666 in
488 3613 622 3665 Gerhardi
639 3616 703 3669 Ant.
723 3614 814 3669 Rildw.
834 3615 894 3665 Taf.
910 3615 940 3666 V,
959 3616 1004 3666 Vl.
1024 3645 1057 3656 -
1092 3615 1176 3677 Nam,
1198 3617 1252 3666 niti
1273 3616 1327 3667 lal-

349 3703 407 3766 lor,
425 3707 555 3771 quattuor
580 3699 660 3751 huiut
688 3699 777 3761 vasis,
803 3699 878 3770 quod
902 3701 953 3750 iam
975 3699 1041 3754 mihi
1068 3707 1132 3750 ante
1153 3702 1249 3752 oculos
1268 3719 1327 3754 noo

346 3796 409 3849 eat,
428 3803 549 3839 cursores
567 3805 582 3837 a
600 3788 676 3838 laeva
694 3786 729 3837 ad
749 3787 868 3839 dextram
883 3787 1022 3850 seruntur,
1040 3788 1077 3838 ita
1097 3796 1127 3838 ut
1144 3789 1326 3840 stadiodromi

347 3872 462 3927 vocandi
482 3876 553 3937 tint;
566 3875 607 3924 tin
621 3889 706 3938 tecua,
724 3872 989 3928 dolichodromorum
1006 3890 1105 3925 nomen
1119 3873 1148 3924 in
1169 3889 1217 3926 eoa
1227 3875 1328 3926 cadere

351 3961 441 4012 statim
461 3959 621 4011 videbimur.

284 4050 326 4121 ιι)
345 4050 413 4100 dnn.
432 4046 497 4098 dell·
518 4047 584 4099 lnet.
605 4048 677 4099 1830.
696 4063 725 4114 p.
743 4061 802 4098 aco.
822 4063 848 4098 n.
866 4033 903 4110 ’14
922 4057 993 4118 etp,
1012 4048 1062 4098 223
1091 4061 1117 4095 n,
1142 4064 1179 4098 ια.

283 4137 325 4206 tn)
345 4135 423 4186 Edita
445 4135 472 4186 in
491 4133 564 4186 lllon.
588 4131 651 4186 dett·
669 4133 733 4184 lmt.
754 4131 838 4184 Xllll.
860 4151 884 4201 ς.
903 4131 927 4180 b.
