2906 4882
495 765 656 850 CAPUT
700 779 766 850 rr.

216 980 356 1074 Equites
389 995 517 1058 cunm,
557 978 680 1070 quihus
718 977 898 1070 zophorus
934 982 1179 1072 septentrione..

76 1104 123 1174 lis
150 1095 201 1194 ²),
223 1128 324 1196 quem
348 1129 367 1170 e
392 1121 488 1195 parte
515 1099 715 1168 occidentali
741 1083 931 1194 incipimus,
957 1120 1091 1172 ornatus
1119 1121 1179 1184 cst,

77 1228 193 1322 longe
229 1226 324 1294 aliter
359 1225 533 1318 excogitati
565 1243 599 1292 et
624 1224 786 1292 elaborati
818 1241 919 1307 sunt,
957 1252 1057 1320 quam
1092 1251 1178 1321 quus

82 1354 122 1418 in
164 1349 272 1419 latere
304 1347 505 1418 occidentali
541 1347 645 1416 niodo
677 1350 788 1416 intuiti
823 1373 947 1418 sumus.
1009 1350 1177 1418 Omnibus

81 1472 234 1568 quidem
253 1472 394 1542 multum
419 1474 507 1544 inest
531 1473 654 1564 vigoris
676 1490 710 1542 et
722 1491 843 1554 motus,
870 1473 932 1542 sed
952 1475 1078 1568 ubique
1099 1473 1177 1568 plus

80 1597 222 1666 ordinis
249 1614 348 1692 atque
371 1597 603 1667 concinnitatis
629 1573 695 1678 est,
720 1595 758 1664 id
782 1596 878 1690 quod
902 1624 940 1664 ea
964 1599 1177 1692 potissimum

83 1724 123 1788 in
151 1746 195 1788 re
223 1723 383 1803 cernitur,
409 1719 504 1816 quod
528 1719 651 1814 singuli
677 1723 804 1815 quique
834 1718 963 1816 equites
989 1725 1178 1792 accuratius

83 1869 122 1914 se
151 1843 336 1937 excipiunt
365 1843 472 1920 ,Nam
504 1845 541 1914 hi
574 1847 724 1938 equites,
760 1870 908 1941 quorun
940 1848 1077 1916 vestitus
1106 1871 1178 1914 non

83 1970 203 2036 minus
228 1970 317 2036 inter
338 1993 375 2038 se
403 1965 523 2048 differt,
551 1993 653 2060 quam
676 1967 790 2036 lateris
815 1967 1043 2051 occidentalis,
1069 1968 1178 2038 denso

87 2109 122 2158 ct
150 2090 315 2186 disposito
339 2092 469 2185 agmine
494 2092 540 2162 iu
564 2089 768 2184 procedunt,
792 2109 830 2158 ut
853 2094 891 2160 in
914 2111 999 2162 statu
1025 2111 1059 2158 ct
1083 2111 1179 2162 motu

89 2233 126 2282 et
157 2215 334 2284 hominum
369 2233 403 2281 et
432 2238 598 2308 equorum
640 2197 859 2308 aequabilitas
901 2214 1067 2309 quaedam
1100 2241 1177 2286 curn

89 2336 286 2408 admirabili
308 2338 464 2409 uarietate
488 2339 665 2408 coniuncut
692 2339 927 2431 conspiciatur.
978 2339 1054 2406 Huc
1080 2364 1178 2408 acce-

90 2459 142 2531 dit
171 2458 384 2554 quodetiam
416 2463 451 2530 in
479 2461 578 2532 liuius
611 2460 723 2531 lateris
757 2479 854 2554 parte
882 2460 1082 2530 occidentali
1108 2447 1177 2530 duo

92 2601 227 2651 exstant
252 2586 405 2677 equites,
438 2586 498 2677 qui
526 2584 562 2658 in
587 2609 713 2680 equum
736 2583 891 2654 nondum
916 2583 1177 2668 adscenderunt,

91 2731 241 2800 qnorum
264 2704 362 2776 alteri
385 2731 473 2798 puer
496 2731 587 2800 pone
613 2733 689 2776 eum
715 2727 805 2778 stans
837 2707 1009 2802 einffrlum
1031 2711 1176 2778 cirenem

92 2828 175 2912 dat3
203 2830 286 2922 quin
312 2831 411 2898 etiem
435 2831 472 2897 in
495 2831 571 2923 ipso
591 2853 740 2924 pompae
765 2835 928 2929 equestris
950 2835 1056 2915 initio,
1083 2831 1178 2926 qaod

91 2955 129 3020 in
154 2953 222 3020 hoe
248 2952 351 3020 latere
378 2955 543 3020 orientem
575 2979 689 3021 versus
714 2954 887 3036 videmus,
919 2980 1022 3050 eques
1047 2957 1177 3024 inveni*

91 3094 161 3159 tur,
187 3077 246 3169 qui
271 3078 313 3142 ab
339 3101 426 3170 equo
453 3075 602 3148 deiectus
627 3076 836 3150 adscendere
859 3078 1000 3150 nideror.

196 3201 240 3270 Hi
273 3201 373 3292 igitur
409 3201 538 3294 equites
576 3203 600 3272 ii
635 3227 675 3273 ex
714 3201 913 3296 phylarchis
942 3223 975 3272 et
1008 3203 1177 3298 equitibus

92 3324 350 3392 Atheniensium
381 3349 452 3391 esse
482 3324 658 3409 videntur,
685 3352 786 3420 ¹quos
818 3352 953 3398 cursum
985 3349 1177 3422 equestrem

8 3476 11 3500 ν
95 3429 281 3515 coniecisse
307 3471 347 3514 ex
371 3448 590 3540 inscriptione
612 3475 714 3543 supra
739 3470 879 3522 nacnta
900 3453 1033 3521 scimus.
1085 3455 1176 3534 Quos

95 3572 226 3668 equites
250 3588 392 3666 armatos
416 3569 517 3639 luisse
543 3573 653 3640 obiter
679 3593 806 3642 tantum
824 3555 1044 3668 Thucydides
1065 3567 1096 3670 ²)
1119 3599 1176 3646 re«
1209 3633 1212 3646 .
1277 3599 1284 3616 ⁶

140 3848 166 3924 t)
187 3847 264 3918 Quae
284 3847 394 3902 tabulae
411 3866 574 3902 marmoreae
587 3852 615 3904 in
630 3852 728 3922 quihus
745 3870 861 3924 pompae
879 3855 984 3924 equites
1001 3855 1084 3908 efficti
1104 3865 1176 3920 sunt-¹

195 3943 301 3989 exstant
319 3937 347 3988 in
365 3937 434 4011 Mus.
454 3939 517 3993 Brit.
536 3940 613 4007 Etgtu
633 3941 760 3992 Mnrbles,
790 3959 817 3994 n.
839 3945 915 3996 32-
927 3945 969 4012 hdr
1007 3944 1055 4013 tp.
1076 3945 1175 3997 Strtnrt.

195 4019 247 4157 Elei.
263 4022 352 4162 chn
370 4024 446 4077 Fare.
466 4026 538 4090 XXI,
553 4045 649 4098 με.
669 4029 751 4091 tritt,
776 4031 847 4098 r-i.
877 4031 1041 4086 Lenormrnt
1059 4032 1076 4084 l.
1097 4050 1119 4086 c.
1139 4033 1176 4090 Pi

196 4110 229 4170 l,
249 4123 276 4158 n.
296 4111 335 4164 P.
354 4111 399 4174 tv,
421 4130 442 4165 r.

149 4203 177 4274 2)
195 4203 228 4265 V,
249 4205 290 4258 56.
