2906 4882
544 441 814 504 2-101-

138 635 285 701 maxime
307 635 343 698 in
370 631 469 726 culpa
488 649 565 700 'esse
592 648 737 711 constat,
770 627 914 722 singulas
936 653 1080 723 pompae
1106 653 1220 696 scenas

137 757 261 824 melius
290 757 538 849 cognoscimus,
573 777 673 847 quam
706 778 747 819 ex
780 754 934 850 omnibus
968 725 1117 821 ieterum
1138 752 1222 820 locis

140 880 296 974 scriptis,
327 881 454 973 quippe
484 879 543 971 qui
577 876 620 944 de
654 899 768 944 earum
803 876 921 944 ordine
954 877 1107 970 serieque
1135 875 1222 943 nihil

140 1003 285 1071 madent.
353 1002 456 1070 Cuius
492 999 596 1066 divini
629 1001 760 1094 operis,
806 997 900 1092 quod
929 1013 953 1064 'a
990 999 1108 1066 Phidia
1142 1001 1219 1093 ipso

143 1129 285 1220 eiusque
320 1121 493 1218 discipulis
537 1121 770 1190 adumbratum
806 1141 905 1216 atque
941 1122 1130 1190 confectum
1166 1141 1225 1204 est,

142 1275 251 1344 quum
279 1271 390 1340 neque
419 1250 456 1312 in
485 1248 594 1313 animo
627 1247 669 1312 sit
692 1246 865 1313 historiam
890 1271 1068 1329 enarrare,
1104 1263 1224 1340 utpote

143 1397 232 1467 quae
258 1396 334 1438 cum
368 1372 467 1438 totius
497 1371 716 1438 parthenonis
746 1371 844 1437 variis
878 1370 1008 1437 casibus
1041 1372 1225 1438 arctissime

144 1497 331 1577 cohaereat,
356 1519 466 1588 neque
486 1494 622 1562 virtutes
636 1495 682 1559 ita
699 1517 881 1586 exponere,
906 1511 943 1561 ut
969 1519 1010 1560 ex
1034 1494 1086 1561 his
1107 1497 1229 1588 quanti

139 1621 308 1688 momenti
333 1620 368 1684 in
393 1620 471 1686 artis
490 1615 637 1684 Graecae
660 1616 798 1684 historia
819 1618 878 1684 hic
901 1617 1077 1711 'Lophorus
1097 1619 1146 1686 sit
1161 1629 1228 1714 ‘aps-

141 1757 479 1837 pareat,--utraque
494 1743 584 1808 enim
599 1765 654 1807 res
668 1767 687 1806 a
705 1740 817 1808 multis
842 1743 920 1808 viris
936 1763 1228 1812 monumentorum

146 1867 359 1959 antiquorum
380 1866 589 1957 peritissimis
618 1863 806 1931 identidem
832 1883 968 1933 tractata
993 1884 1043 1934 est
1058 1897 1115 1950 -‚
1138 1882 1227 1963 'ope-

142 2011 218 2055 ram
241 1987 411 2070 dabimus,
445 2005 482 2054 ut
509 2005 546 2054 *et
570 1986 663 2054 locos
690 1989 891 2080 scriptorum
918 2008 1080 2082 quantum
1100 1993 1227 2084 poterit

144 2111 221 2178 fieri
246 2109 289 2178 ad
313 2112 379 2179 hoc
401 2127 656 2178 monumentum
681 2108 915 2177 illustrandum
941 2109 1167 2195 adhibeamus,
1194 2134 1227 2183 et

142 2237 247 2304 totius
273 2235 347 2302 festi
375 2234 482 2328 ipsam
513 2252 665 2302 naturam
690 2253 790 2328 atque
815 2237 882 2301 vim
906 2237 942 2301 in
968 2237 1117 2330 Zophori
1133 2239 1226 2340 ‘figu-

142 2361 193 2426 ris
217 2358 409 2452 planissime
435 2377 468 2426 et
492 2359 732 2452 elegantissime
760 2383 967 2452 expressam,
999 2362 1094 2453 quasi
1116 2360 1222 2428 oeulis

141 2483 366 2550 subiiciamus.
391 2483 452 2548 ‘Ex
474 2482 531 2549 illa
554 2500 662 2548 autem
685 2482 760 2548 festi
784 2499 901 2548 natura
925 2501 1086 2576 'sequetur
1112 2487 1222 2566 etiam5

141 2603 312 2700 quomodo
345 2603 473 2698 singula
499 2604 639 2672 deorum
662 2605 856 2688 simulacra,
890 2631 975 2699 quac
1001 2607 1036 2670 in
1062 2607 1221 2699 Zoplroro

140 2728 295 2797 orientali
319 2753 419 2821 supra
439 2730 561 2795 iustum
577 2728 695 2822 templi
710 2729 836 2796 aditum
862 2747 998 2811 exstant,
1019 2727 1218 2826 explicanda

142 2855 208 2920 sint
238 2845 280 2943 9)t

140 3051 378 3070 ἡ*

174 3179 205 3249 9)
223 3179 317 3249 Neque
337 3182 418 3249 magis
445 3182 529 3234 varios
548 3180 663 3252 Zophori
689 3182 885 3252 explicationes
910 3201 979 3253 quae
1006 3201 1021 3235 u
1047 3185 1155 3236 summis
1173 3201 1218 3234 ar·
1313 3187 1318 3207 ⁸

238 3264 390 3335 chaeologis
408 3267 508 3331 datae,
538 3269 699 3322 iudeorum
724 3271 815 3338 figuris
841 3272 1008 3340 potissimum
1031 3273 1149 3326 interse
1169 3273 1212 3323 di-

239 3357 372 3420 irrepant,
392 3354 521 3406 hocloco
543 3373 678 3426 exponere
696 3358 773 3421 libet,
792 3357 840 3408 aad
863 3375 911 3409 suo
931 3366 1036 3411 tautum
1055 3360 1115 3411 loeo
1135 3361 1218 3427 signi-

242 3439 400 3503 ficabimus,
426 3433 559 3512 quatenus
576 3462 591 3494 u
611 3445 724 3512 singulis
747 3446 808 3496 viris
829 3445 1022 3499 dissentiamus.
1059 3447 1215 3499 illustrave-

242 3535 305 3577 runt
323 3529 395 3578 enim
415 3527 466 3580 hoc
485 3541 690 3582 monumentum
718 3534 852 3584 aStuarti
879 3535 1024 3603 (Antiquit.
1052 3535 1084 3585 of
1105 3535 1221 3586 Athens.

239 3614 301 3668 Vol.
322 3615 367 3682 ΙΙ.)
386 3623 507 3686 tempore
522 3618 653 3679 Visconti,
671 3619 800 3670 Mernoire
819 3637 863 3669 sur
880 3621 920 3672 les
941 3638 1070 3688 ouvrages
1088 3620 1122 3674 de
1142 3622 1217 3671 seul-

243 3708 323 3770 pture
342 3699 409 3754 alans
429 3703 455 3753 lu
473 3705 619 3755 collection
637 3704 754 3772 ‹l'Elgin3
773 3705 898 3776 idemque
915 3708 943 3758 in
962 3709 1056 3759 Museo
1070 3709 1219 3762 Worsleia-

239 3805 296 3852 ¹¹⁰3
317 3787 407 3840 Leuke
426 3791 595 3862 topography
614 3792 646 3843 of
662 3791 765 3844 Atheus
784 3811 811 3863 p.
832 3797 882 3850 215
899 3812 973 3865 sqq.;
1000 3795 1028 3848 C.
1048 3795 1081 3847 Ο.
1101 3796 1220 3848 Mueller

243 3874 273 3924 iu
302 3875 402 3926 Stuarti
429 3876 627 3948 Antiquitatum
658 3878 864 3932 Atheniensium
902 3880 1023 3933 editione
1052 3882 1217 3934 Germanica.

245 3961 279 4012 T.
301 3963 334 4012 II.
360 3979 387 4030 p.
408 3967 459 4032 667
479 3982 561 4038 sqq,
592 3967 621 4018 in
639 3965 746 4018 Hamlb.
775 3967 800 4017 d.
827 3967 967 4020 Archaeol.
990 3969 1038 4022 Ed.
1059 3971 1090 4020 ll.
1116 3969 1138 4040 §.
1162 3975 1220 4026 ¹¹8·

240 4042 316 4097 ilum.
336 4065 360 4100 n.
382 4047 408 4099 b.
435 4058 462 4102 et
486 4051 513 4101 in
533 4051 648 4105 Denlnn.
674 4039 699 4103 d.
719 4053 749 4104 Α.
773 4054 805 4104 Κ.
826 4055 893 4106 Tab.
914 4058 1047 4110 23-25.
1092 4056 1218 4125 Denique

241 4135 393 4202 nuperrime
418 4143 491 4188 totus
509 4138 645 4207 Zophorus
674 4139 780 4207 chalybi
810 4142 907 4193 incisus
934 4151 975 4193 est
1005 4144 1032 4193 iu
1059 4127 1159 4195 Trisor
1183 4143 1217 4194 tle

241 4220 452 4294 Numismatique
478 4233 505 4277 et
535 4226 568 4280 de
599 4228 754 4298 Glyptique.
779 4229 818 4279 Cl.
838 4231 856 4280 1.
877 4230 949 4282 Se'rie
969 4233 1004 4284 6:
1029 4229 1168 4283 Basreliess
1186 4229 1219 4286 de
