2906 4882
545 431 692 507 ...73
743 461 792 482 .-

125 643 194 712 ret,
227 645 338 719 neque
365 614 454 692 euim
478 624 514 691 in
546 622 616 691 ullo
652 623 730 690 artis
759 635 998 705 monumento,
1032 613 1219 716 quod'Mi-

127 773 266 818 nervam
295 749 487 840 Operosam
521 745 620 816 nobis
658 744 825 828 ostendit,
851 745 986 840 ‚gallum
1022 746 1217 814 invenimus.

122 848 220 956 'Quin
246 873 344 940 etiam
368 872 404 938 in
423 873 661 940 Panathenaeis
686 873 778 965 ipsis,
803 871 968 939 incertum
992 887 1042 936 est
1068 893 1138 962 quo
1154 869 1223 951 die,
1278 860 1289 888 ⁵

128 993 296 1091 gallorum
338 995 516 1063 certamina
549 997 777 1076 habebantur,
817 1019 901 1087 quae
940 1021 958 1059 a
993 989 1225 1063 Themistocle*

127 1137 207 1213 post
229 1118 400 1187 victoriam
427 1140 527 1211 quam
552 1117 718 1184 Graecia
744 1119 852 1185 Persis
884 1133 1102 1211 reportarunt
1126 1119 1226 1184 insti'-·

131 1262 201 1311 tuta
228 1269 300 1312 esse
326 1241 484 1309 Aelianus
504 1235 553 1325 ²9)
577 1240 690 1308 refert.
741 1243 860 1335 Neque
878 1241 968 1307 enim
983 1239 1115 1321 dubito,
1141 1241 1224 1333 quin

130 1366 241 1433 avium
267 1364 446 1432 certamina
471 1363 506 1430 in
532 1361 640 1430 stadio
659 1363 901 1431 Panathenaico
927 1364 1057 1444 habita,
1084 1361 1127 1430 de
1149 1365 1224 1456 qui-

130 1490 194 1555 bus
220 1485 317 1554 Philo
338 1481 386 1571 3ο)
412 1465 582 1580 loquitur,
617 1483 735 1552 eadem
762 1511 832 1552 esse
859 1513 943 1581 quae
969 1487 1126 1555 Aelianus
1153 1511 1222 1552 uno

132 1611 293 1703 cuiusque
327 1611 406 1677 anni
440 1609 495 1677 die
527 1611 563 1676 in
588 1609 715 1677 theatro
749 1609 834 1678 sacta
865 1636 936 1677 esse
968 1610 1058 1678 dicit.
1131 1611 1226 1693 Quae

132 1732 273 1827 quidem
309 1757 362 1804 res
390 1734 444 1802 oui
477 1733 617 1800 maxime
648 1731 876 1800 adolescentes
911 1752 1115 1828 spectatores
1154 1756 1227 1800 sese

130 1857 358 1950 praebebant,
401 1857 503 1924 flebat
532 1858 568 1923 in
603 1876 757 1951 pegmate
790 1856 970 1951 quadrato,
1014 1859 1067 1925 cui
1100 1879 1226 1923 nomen

132 1972 246 2058 τηλία
265 1972 313 2065 31)
319 2031 329 2061 ,
356 1997 455 2073 atque
479 1979 524 2046 ita
550 1979 699 2072 quidem,
724 1999 762 2047 ut
787 1983 908 2074 cuique
925 1982 1131 2084 Athenarum
1157 1978 1222 2047 civi

133 2101 259 2196 gallum
284 2129 397 2184 suum,
424 2127 525 2196 quem
550 2102 765 2171 fortissimum
790 2129 861 2171 esse
888 2103 1062 2184 credebat,
1088 2105 1123 2169 in
1148 2129 1224 2172 are-

132 2251 215 2292 nam
240 2228 371 2294 mittere
396 2225 521 2294 liceret.
571 2227 672 2296 Unde
706 2227 804 2298 facile
836 2229 1002 2296 coniicere
1035 2251 1224 2320 possumus,

133 2373 212 2414 eum
238 2349 342 2417 civem
349 2398 360 2429 ,
398 2349 490 2415 cuius
516 2347 619 2442 gallus
644 2351 747 2419 victus
779 2367 886 2435 erat,
907 2348 1002 2443 quasi
1042 2351 1152 2443 ipsum
1176 2351 1225 2420 vi·

135 2489 227 2540 ctum
265 2490 299 2539 et
334 2472 515 2564 ignominia
548 2472 700 2544 affectum
734 2499 822 2556 esse,
866 2499 969 2567 quum
993 2474 1096 2541 moris
1124 2490 1222 2556 esset,

134 2613 172 2662 ut
209 2593 314 2688 gallus
356 2596 461 2662 victus
509 2595 670 2670 victorem
718 2599 812 2692 quasi
862 2598 1123 2690 triumphantem
1169 2623 1224 2668 se-

136 2735 316 2812 queretur..

232 2840 390 2933 Denique
433 2837 532 2906 etiam
571 2839 816 2908 consideranda
849 2859 900 2908 est
932 2857 1011 2909 nota
1043 2839 1101 2908 illa
1139 2837 1223 2906 late*

134 2963 180 3032 ris
214 2963 344 3033 adversi
381 2963 577 3057 inscriptio,
620 2989 704 3057 quae
735 2963 936 3057 plerumque
969 2961 1017 3030 sic
1050 2961 1223 3030 scribiturt

134 3085 236 3156 TON
261 3085 522 3156 ΑΘΕΝΕΘΕΝ
547 3084 719 3156 ΑΘΛΟΝ
728 3141 738 3174 ,
764 3087 836 3154 τῶν
861 3081 1059 3164 Ἀθήνηθεν
1085 3067 1222 3160 ἄθλων.

136 3213 228 3296 Quae
253 3211 356 3278 verha
378 3211 522 3278 invasis
547 3210 807 3290 Panathenaicis,
835 3233 1054 3303 quaecunque
1081 3210 1128 3276 ob.
1150 3235 1222 3278 ma-
1258 3241 1260 3248 ’

135 3332 344 3429 gnitudinem
369 3359 461 3401 suam
484 3334 595 3428 primo
622 3333 672 3400 illi
697 3334 934 3426 amphorarum
959 3333 1075 3425 generi
1099 3334 1221 3402 aGer-

135 3456 243 3532 hasdo
271 3459 446 3528 constituto
480 3459 731 3536 adnumeranda
756 3476 851 3540 sunt,
878 3459 949 3525 sine
974 3457 1043 3524 ulla
1067 3455 1137 3524 fere
1163 3482 1232 3548 ets-5

138 3585 295 3677 ceptione
313 3579 362 3668 32)
387 3581 552 3676 leguntur,
578 3583 670 3650 cuius
684 3584 735 3650 rei
749 3580 893 3675 plurima
914 3579 1052 3676 quidem
1072 3579 1225 3676 exempla

173 3945 430 4018 mbffstm

99 4055 103 4064 =
171 4033 218 4103 3⁰)
238 4035 286 4102 Ap.
305 4033 405 4088 Meum.
426 4033 535 4086 Panath.
556 4049 580 4092 c.
597 4053 623 4106 9.

172 4122 221 4184 ³1)
241 4121 327 4186 Etym.
347 4121 384 4172 Μ.
402 4139 423 4176 s.
444 4121 472 4176 h.
491 4139 517 4177 v.

171 4207 217 4280 ὃν)
234 4206 401 4280 Excipienda
419 4218 461 4264 est
476 4209 534 4266 sola
562 4208 705 4282 amphora,
735 4225 815 4282 quatu
839 4208 1063 4265 Pmatheuaicam
1088 4225 1147 4264 esse
1167 4227 1225 4266 ma-
