2920 4868
532 438 860 504 -es-·

111 637 272 706 cationctit
301 655 510 704 communem
537 615 776 728 publicamque
802 633 892 704 lecit.
941 635 1033 718 Quae
1060 634 1199 729 quidem

98 787 168 828 ¹res
191 756 453 834 verisimillima
479 776 539 840 est,
563 783 668 851 quum
694 776 773 851 post
794 783 940 851 pugnem
958 760 1201 864 Marathoqiatn

112 886 209 951 etiam
234 881 329 958 salus,
348 881 591 956 Plataeensium
614 882 667 951 his
690 882 848 973 precihus
870 883 906 951 in
931 883 1085 950 omuibus
1110 882 1202 951 lestis

114 993 421 1099 quinquennalibus
455 1004 550 1072 fectis
590 1003 934 1098 comprehenderetur
960 1001 1001 1102 ⁶¹).
1071 1003 1202 1074 Coenas

114 1148 222 1196 autem
247 1129 412 1201 saanfieas
447 1131 608 1197 maximas
643 1148 743 1222 utque
781 1127 938 1196 delicatas
976 1128 1095 1212 luisse,
1134 1153 1203 1198 nou

114 1270 178 1318 tam
204 1276 223 1316 e
249 1251 397 1327 Nubium
428 1249 505 1324 loco.
529 1254 700 1322 notissimo
721 1244 751 1342 7)
776 1270 933 1346 apparet,
967 1277 1072 1343 quum
1103 1275 1205 1345 quam

114 1400 212 1467 saepe
236 1377 384 1444 comicus
404 1399 459 1444 res
492 1377 593 1450 nimis
619 1374 777 1458 extollat,
812 1349 888 1445 stitis
915 1394 1067 1456 constet,
1099 1375 1204 1444 sede
1256 1391 1261 1396 “

115 1496 295 1566 Posidonio
314 1491 365 1586 8),
396 1501 455 1592 qui
479 1493 750 1578 Παναθηναῖκᾶ
777 1494 956 1588 μέγιστα,
980 1492 1031 1567 ‘tol
1059 1495 1126 1588 μὲν
1149 1489 1206 1567 di·

115 1643 210 1713 χοα,
242 1615 293 1686 ad
326 1612 368 1692 δὲ
400 1617 469 1688 καὶ·
496 1615 651 1712 μείζονα
685 1641 929 1693 commemorat„
1004 1625 1095 1706 Quae
1130 1648 1206 1690 vasa

115 1743 362 1812 Panathenaico
379 1742 502 1836 pocula
526 1767 619 1828 esse,
653 1761 745 1812 recte
778 1743 924 1818 ostendit
948 1745 1136 1812 Boeclthius
1153 1740 1206 1837 9);

117 1865 176 1934 sed
203 1891 242 1934 ea
279 1891 348 1934 non
373 1866 483 1962 sqlum
508 1868 544 1934 in
570 1839 891 1938 comminationibus
924 1870 960 1936 iu
985 1871 1119 1936 victoris
1143 1869 1207 1936 ho-

116 2015 235 2058 norem
255 1991 395 2072 habitis,
418 2015 533 2058 verum
559 1992 657 2058 etiam
680 1993 717 2058 in
743 1993 855 2060 coenis
874 1992 1032 2080 sacrificis
1058 1991 1208 2060 adhibite

118 2136 188 2180 esse
211 2128 349 2180 censeo.
416 2115 508 2196 Quae
546 2110 685 2205 quidem
715 2138 812 2193 vasa,
828 2176 831 2187 ,
848 2139 933 2206 quac
965 2112 1067 2180 multe
1100 2138 1206 2206 caque
1313 2202 1315 2207 .

119 2239 226 2302 variae
260 2235 387 2302 formae
418 2258 524 2326 usque
557 2233 601 2300 ad
625 2251 773 2302 nostram
807 2254 945 2304 aetatem
979 2234 1137 2302 mansisse
1162 2238 1210 2300 vi·

120 2359 242 2426 dentur
264 2350 333 2448 ¹⁰),
377 2381 481 2450 quum
514 2357 639 2428 noctua
663 2354 800 2424 duabus
832 2355 1009 2436 frondibus
1046 2355 1208 2450 oleaginis

121 2479 344 2562 circumdata,
378 2505 443 2574 qun
474 2506 512 2548 re
545 2478 680 2573 depicta
714 2498 808 2561 sunt,
848 2477 892 2552 ed
924 2478 1045 2556 festum
1069 2479 1209 2573 aliquod

115 2605 292 2674 'Minervae
318 2605 523 2695 apertissime
546 2601 724 2670 referenda
749 2603 802 2683 sit,
829 2603 965 2694 capiunt
989 2599 1075 2676 duos
1096 2603 1207 2685 choe'e,
1263 2689 1267 2698 Ι

123 2731 144 2795 i.
170 2755 199 2796 e.
226 2726 673 2821 quadrantesBerolinenses
697 2727 848 2823 quinque
870 2745 904 2792 et
921 2727 1092 2804 semissem
1110 2716 1213 2820 etque

122 2854 219 2919 etiam
245 2850 331 2944 plus.
379 2849 470 2916 Ecce
495 2851 595 2942 igitur
619 2873 801 2943 permagna
826 2847 968 2942 pocula!
1018 2853 1124 2924 Boves
1151 2877 1210 2916 au-

121 2993 208 3055 tem,
246 2999 313 3040 non
347 2997 461 3042 vaccas
486 2971 657 3040 Minervae
691 2973 892 3060 sacrificatus
912 2997 993 3048 ‚esse
1007 3023 1016 3054 ‚
1057 2971 1209 3042 uidemus

121 3123 189 3165 uon
216 3096 324 3163 solutu
349 3121 367 3162 e
394 3095 591 3189 cognomine
623 3095 722 3164 huius
748 3093 829 3162 deae
842 3089 1090 3191 ,cotvqotto'l-ov
1126 3089 1209 3188 (He-

122 3217 252 3314 syeh.),
272 3217 333 3286 sed
354 3219 456 3286 etiam
482 3243 522 3286 ex
547 3217 708 3310 amphora
721 3217 836 3287 Volcis
863 3217 978 3300 effossa
1003 3218 1209 3292 collectionis

123 3343 331 3412 Durovianae
353 3337 421 3425 ¹¹),
455 3365 541 3434 quae
572 3342 670 3412 huius
705 3342 755 3412 rei
782 3344 966 3437 *imaginem
991 3346 1093 3438 nigris
1117 3343 1209 3414 colo-

125 3505 364 3522 ..Μ

172 3609 201 3677 6)
222 3603 353 3658 Herodot.
371 3603 417 3658 Vt.
440 3620 497 3657 ιιι.
835 3667 845 3690 ·
876 3607 884 3636 l

73 3686 79 3698 i
175 3696 203 3762 7)
227 3697 288 3750 3⁸5.
305 3691 371 3761 tbiq‚
390 3689 481 3745 Sehcl.
580 3744 586 3748 ⁵

173 3783 202 3852 8)
222 3782 270 3850 Δρ.
292 3779 388 3832 Athen.
407 3778 451 3829 Xl.
469 3794 497 3846 p.
518 3777 578 3846 495.
597 3773 627 3833 F.

177 3869 206 3936 9)
226 3866 313 3920 Praei.
332 3867 406 3917 lectt.
424 3861 481 3915 hib.
500 3863 587 3914 Berol.
609 3854 707 3932 ¹8³¹su·

162 3955 204 4022 to)
227 3953 267 4004 cf.
285 3955 358 4006 Mon.
378 3951 442 4003 dell'
459 3953 527 4006 lust.
544 3951 609 4001 Tau.
628 3949 735 4001 xxvu.
753 3949 793 4016 dd·
815 4012 816 4016 Ἰ

162 4044 204 4112 ιι)
226 4041 294 4092 Mus.
314 4057 366 4108 rog.
386 4038 475 4092 Berot.
507 4055 533 4090 n.
553 4038 613 4092 626.
650 4037 816 4088 Mentionem
843 4043 949 4090 tentum
977 4036 1101 4090 lecerunt
1127 4035 1206 4090 Ιιιιίιιι

229 4128 298 4180 vasis
321 4125 477 4180 Get-hardus
505 4127 534 4175 in
559 4125 694 4194 Rapporto
720 4125 828 4175 intorno
857 4126 940 4177 iveti
959 4125 1034 4178 Volo.
1054 4143 1079 4195 p.
1103 4128 1151 4195 134
1179 4136 1209 4178 et

230 4215 378 4267 Muellerus
397 4213 425 4264 in
444 4212 549 4268 Hentlb.
570 4211 594 4264 d.
615 4212 754 4278 *Arutaeot
776 4210 795 4282 §.
812 4212 871 4282 371.
891 4215 918 4270 8.

380 4426 387 4454 i
