2920 4868
647 427 891 496 ...w-..-

323 617 393 688 Iam
418 641 522 712 quum
546 615 732 712 permultae
751 619 984 713 antiquitatum
1009 645 1175 690 sacrarum
1201 639 1313 714 partes

225 741 378 814 nondum
403 735 581 836 diligenter
605 759 761 812 tractatae
785 745 852 816 sint
866 778 913 792 -
929 745 1005 837 quis
1030 747 1120 812 enim
1143 743 1187 812 tle
1212 746 1315 812 sacri·

225 869 328 951 liciis,
355 868 399 936 de
424 845 578 947 oraculis,
605 865 647 934 de
672 865 864 935 sacerdotio
882 867 971 962 egit?
986 866 1138 935 —haud
1162 870 1315 962 ineptum

226 990 310 1058 mihi
343 989 518 1058 videbatur
530 1039 542 1071 ,
574 989 825 1070 Panathenaea,
860 1013 1025 1082 summum
1061 990 1316 1058 Atheniensium

228 1114 368 1208 festum,
401 1111 614 1193 describere,
650 1112 694 1178 ita
717 1105 844 1193 tamen,
878 1132 914 1180 ut
934 1113 1037 1204 magis
1063 1112 1205 1196 aliorum
1229 1116 1316 1182 vires

226 1261 314 1330 quae
339 1259 428 1304 meas
466 1253 627 1329 superant
656 1232 701 1300 ad
730 1235 814 1304 haec
843 1233 952 1303 studia
980 1238 1175 1319 excitarem,
1214 1261 1316 1330 quam

225 1377 263 1428 ut
286 1361 359 1453 ipse
380 1383 454 1426 rem
479 1356 648 1426 difficilem
669 1357 848 1426 absolvisse
874 1351 957 1426 mihi
980 1357 1121 1426 viderer.
1172 1360 1225 1428 De
1242 1359 1317 1426 die-

225 1482 289 1554 bus
315 1483 406 1550 enim
425 1481 752 1561 Graecorumsestis‚
779 1507 980 1575 quamquam
1001 1507 1152 1576 magnam
1175 1462 1317 1549 deorum

225 1603 393 1676 cultorum
414 1621 545 1696 partem
571 1599 859 1696 complectuntur,
889 1625 989 1670 nemo
1024 1619 1135 1670 tamen
1167 1604 1213 1670 ita
1239 1604 1316 1696 egit,

478 1697 482 1724 l

225 1745 263 1798 ut
295 1729 384 1794 inter
417 1725 616 1795 amnestia
659 1722 868 1817 singulorum
906 1722 1068 1795 festorum
1106 1727 1316 1796 caerimoniis

213 1833 331 1920 ”multa
351 1868 551 1918 constarent.
616 1848 737 1942 Neque
779 1850 837 1941 qui
863 1843 956 1916 inter
988 1851 1192 1918 recentiores
1221 1851 1316 1937 ahane

224 1997 299 2040 rem
322 1991 505 2044 tractavere
524 1971 683 2068 permulti
709 1989 794 2040 sunt.
829 1973 985 2052 ,Veteres
1012 1972 1150 2066 quidem
1170 1976 1317 2070 scripto-

225 2120 280 2164 rcs
302 2120 402 2187 saepe
424 2086 750 2174 commemorantur,
782 2094 840 2187 qui
866 2091 909 2162 de
934 2094 1026 2162 festis
1052 2115 1210 2187 egerunt,
1231 2122 1315 2191 quos

226 2220 474 2314 Harpocration
492 2210 523 2308 3)
550 2217 661 2288 verbis
689 2212 728 2286 oi
752 2210 929 2310 περὶτῶν
953 2215 1086 2308 ἑορτῶν
1109 2213 1315 2310 γράψαντες

228 2340 507 2436 coraprehcndit,
547 2365 588 2407 ex
626 2341 747 2433 quibus
779 2363 849 2407 uon
884 2363 1025 2432 parvum
1059 2339 1160 2408 fuisse
1194 2343 1317 2410 horum
1370 2425 1375 2436 Ι

135 2487 137 2491 ’
225 2491 405 2534 numerum
445 2463 654 2563 intelligitur.
719 2459 800 2554 bed
834 2479 868 2528 et
899 2461 1019 2528 horum
1059 2465 1208 2532 omnium
1232 2469 1317 2534 seri-

226 2606 364 2680 ptorum
386 2605 419 2654 ct
441 2611 560 2662 eorum
582 2587 641 2680 qui
670 2584 712 2652 de
741 2585 990 2678 antiquitatibus
1021 2586 1141 2654 Atticis
1167 2608 1318 2679 egerunt,

226 2706 308 2775 libri
330 2734 435 2802 quum
457 2735 564 2804 paene
589 2733 727 2803 prorsus
751 2706 878 2802 perditi
901 2709 978 2792 sint,
1005 2735 1045 2776 ex
1070 2685 1211 2778 aliorum
1236 2737 1320 2805 ope-

227 2833 322 2902 ribus
356 2831 424 2900 loci
455 2858 620 2926 perquam
656 2831 799 2925 dispersi
832 2831 1014 2926 colligendi
1037 2850 1137 2924 atque
1161 2835 1198 2898 in
1223 2833 1317 2900 ordi.

228 2980 308 3024 nem
325 2953 510 3048 redigendi
535 2973 633 3036 sunt,
659 2956 700 3021 e'x
721 2956 843 3048 quibus
871 2953 1018 3048 singulae
1039 2980 1114 3036 nes,
1154 2973 1318 3048 quantum

228 3080 303 3147 fieri
327 3075 458 3171 potest,
501 3079 537 3148 in
562 3077 675 3148 lucem
711 3080 925 3173 proferantur
958 3095 1099 3168 oportet.
1170 3077 1318 3146 Maxime

230 3219 281 3270 est
309 3201 409 3293 igitur
434 3197 636 3281 dolendum,
671 3202 836 3267 interiisse
866 3198 1060 3267 Philochoti
1079 3195 1109 3284 l)
1143 3219 1177 3268 et
1204 3202 1319 3270 Theo·
1365 3243 1369 3252 ·

227 3324 356 3417 phrasti
375 3314 406 3411 ⁵)
427 3321 555 3400 libros,
581 3347 666 3415 quos
691 3317 772 3415 περὶ
797 3321 930 3418 ἑορτῶν
951 3323 1164 3414 scripserant,
1185 3348 1252 3417 quo
1278 3349 1318 3390 cx

229 3446 322 3518 sonte
362 3469 489 3510 summa
526 3443 646 3510 harum
677 3467 792 3510 rerum
824 3445 940 3512 notitia
978 3444 1075 3512 uobis
1118 3445 1318 3538 contigisset.

229 3571 336 3636 Porro
362 3568 606 3648 Dicaearchus,
641 3567 830 3641 Aristotelis
868 3585 971 3638 aetate
998 3566 1112 3661 paullo
1137 3565 1317 3659 posterior,

231 3694 477 3785 conscripserat
500 3691 605 3762 libros
630 3688 712 3787 περὶ
736 3695 918 3782 μουσικῶν
943 3687 1103 3786 ἀγώνων,
1130 3693 1318 3782 intorques

285 3943 314 4012 3)
331 3959 351 3995 t.
371 3940 591 4016 ta’Anarotipta.
627 3943 726 3998 lisdem
746 3944 836 3998 verbis
862 3946 949 3999 atitur
971 3941 1081 3996 Procles
1097 3938 1132 3992 atl
1156 3938 1223 3997 etat.
1242 3937 1313 3990 Tim.

334 4047 393 4100 1³³8·
412 4051 436 4101 9·

179 4121 184 4135 ’
286 4118 314 4188 4)
334 4115 488 4188 Harpociat.
506 4139 528 4175 s.
546 4139 570 4172 v.
590 4117 707 4192 Xirpcs.

286 4207 315 4277 5)
335 4205 411 4276 Diog.
430 4207 458 4261 L.
478 4207 508 4258 V.
528 4211 568 4277 47.
