<?xml version="1.0" encoding="UTF-8"?>
<!DOCTYPE html PUBLIC "-//W3C//DTD XHTML 1.0 Transitional//EN"
    "http://www.w3.org/TR/xhtml1/DTD/xhtml1-transitional.dtd">
<html xmlns="http://www.w3.org/1999/xhtml" xml:lang="en" lang="en">
 <head>
  <title>
</title>
<meta http-equiv="Content-Type" content="text/html;charset=utf-8" />
  <meta name='ocr-system' content='tesseract 3.04.00' />
  <meta name='ocr-capabilities' content='ocr_page ocr_carea ocr_par ocr_line ocrx_word'/>
</head>
<body>
  <div class='ocr_page' id='page_1' title='image "./panathenaica01muelgoog_0109.png"; bbox 0 0 2906 4882; ppageno 0'>
   <div class='ocr_carea' id='block_1_1' title="bbox 695 425 942 494">
    <p class='ocr_par' dir='ltr' id='par_1_1' title="bbox 695 425 942 494">
     <span class='ocr_line' id='line_1_1' title="bbox 695 425 942 494; baseline -0.045 1"><span class='ocrx_word' id='word_1_1' title='bbox 695 425 942 494; x_wconf 82' lang='lat' dir='ltr'><strong>-9o..</strong></span> 
     </span>
    </p>
   </div>
   <div class='ocr_carea' id='block_1_2' title="bbox 243 609 1349 2810">
    <p class='ocr_par' dir='ltr' id='par_1_2' title="bbox 243 609 1349 2810">
     <span class='ocr_line' id='line_1_2' title="bbox 271 609 1347 714; baseline -0.001 -26"><span class='ocrx_word' id='word_1_2' title='bbox 271 625 306 688; x_wconf 94' lang='lat' dir='ltr'><strong>in</strong></span> <span class='ocrx_word' id='word_1_3' title='bbox 332 619 457 713; x_wconf 84' lang='lat' dir='ltr'><strong>magnis</strong></span> <span class='ocrx_word' id='word_1_4' title='bbox 484 638 609 686; x_wconf 88' lang='lat' dir='ltr'><strong>tantum</strong></span> <span class='ocrx_word' id='word_1_5' title='bbox 634 609 873 688; x_wconf 86' lang='lat' dir='ltr'><strong>Panathenaeis</strong></span> <span class='ocrx_word' id='word_1_6' title='bbox 908 622 1031 688; x_wconf 80' lang='lat' dir='ltr'><strong>sactum</strong></span> <span class='ocrx_word' id='word_1_7' title='bbox 1062 643 1135 688; x_wconf 87' lang='lat' dir='ltr'><strong>esse</strong></span> <span class='ocrx_word' id='word_1_8' title='bbox 1167 619 1259 714; x_wconf 88' lang='lat' dir='ltr'><strong>apud</strong></span> <span class='ocrx_word' id='word_1_9' title='bbox 1285 623 1347 714; x_wconf 71' lang='lat' dir='ltr'><strong>hy·</strong></span> 
     </span>
     <span class='ocr_line' id='line_1_3' title="bbox 273 741 1349 838; baseline -0.004 -24"><span class='ocrx_word' id='word_1_10' title='bbox 273 772 411 838; x_wconf 83' lang='lat' dir='ltr'><strong>eurgmn</strong></span> <span class='ocrx_word' id='word_1_11' title='bbox 431 741 473 828; x_wconf 50' lang='grc' dir='ltr'><strong>Ια)</strong></span> <span class='ocrx_word' id='word_1_12' title='bbox 495 743 666 810; x_wconf 75' lang='lat' dir='ltr'><strong>rhetorem</strong></span> <span class='ocrx_word' id='word_1_13' title='bbox 694 743 826 811; x_wconf 79' lang='lat' dir='ltr'><strong>disertis</strong></span> <span class='ocrx_word' id='word_1_14' title='bbox 853 747 962 810; x_wconf 87' lang='lat' dir='ltr'><strong>verbis</strong></span> <span class='ocrx_word' id='word_1_15' title='bbox 988 743 1140 837; x_wconf 85' lang='lat' dir='ltr'><strong>legimus.</strong></span> <span class='ocrx_word' id='word_1_16' title='bbox 1178 746 1241 812; x_wconf 91' lang='lat' dir='ltr'><strong>Hic</strong></span> <span class='ocrx_word' id='word_1_17' title='bbox 1261 747 1349 812; x_wconf 88' lang='lat' dir='ltr'><strong>enim</strong></span> 
     </span>
     <span class='ocr_line' id='line_1_4' title="bbox 272 865 1349 958; baseline -0.002 -22"><span class='ocrx_word' id='word_1_18' title='bbox 272 897 291 936; x_wconf 90' lang='lat' dir='ltr'><strong>a</strong></span> <span class='ocrx_word' id='word_1_19' title='bbox 316 868 496 936; x_wconf 88' lang='lat' dir='ltr'><strong>maioribus</strong></span> <span class='ocrx_word' id='word_1_20' title='bbox 521 865 596 958; x_wconf 86' lang='lat' dir='ltr'><strong>lege</strong></span> <span class='ocrx_word' id='word_1_21' title='bbox 623 870 836 935; x_wconf 85' lang='lat' dir='ltr'><strong>constitutum</strong></span> <span class='ocrx_word' id='word_1_22' title='bbox 862 868 962 936; x_wconf 82' lang='lat' dir='ltr'><strong>fuisse</strong></span> <span class='ocrx_word' id='word_1_23' title='bbox 993 867 1091 949; x_wconf 88' lang='lat' dir='ltr'><strong>dicit,</strong></span> <span class='ocrx_word' id='word_1_24' title='bbox 1121 887 1158 936; x_wconf 91' lang='lat' dir='ltr'><strong>ut</strong></span> <span class='ocrx_word' id='word_1_25' title='bbox 1188 867 1260 936; x_wconf 89' lang='lat' dir='ltr'><strong>sola</strong></span> <span class='ocrx_word' id='word_1_26' title='bbox 1283 870 1349 934; x_wconf 93' lang='lat' dir='ltr'><strong>Ho-</strong></span> 
     </span>
     <span class='ocr_line' id='line_1_5' title="bbox 272 990 1349 1084; baseline -0.003 -25"><span class='ocrx_word' id='word_1_27' title='bbox 272 995 356 1058; x_wconf 85' lang='lat' dir='ltr'>meri</span> <span class='ocrx_word' id='word_1_28' title='bbox 388 991 533 1058; x_wconf 88' lang='lat' dir='ltr'><strong>carmina</strong></span> <span class='ocrx_word' id='word_1_29' title='bbox 566 992 806 1080; x_wconf 78' lang='lat' dir='ltr'><strong>recitarentur3</strong></span> <span class='ocrx_word' id='word_1_30' title='bbox 837 1009 953 1083; x_wconf 90' lang='lat' dir='ltr'><strong>postea</strong></span> <span class='ocrx_word' id='word_1_31' title='bbox 985 992 1085 1058; x_wconf 87' lang='lat' dir='ltr'><strong>etiam</strong></span> <span class='ocrx_word' id='word_1_32' title='bbox 1116 990 1197 1060; x_wconf 85' lang='lat' dir='ltr'><strong>alios</strong></span> <span class='ocrx_word' id='word_1_33' title='bbox 1231 1009 1349 1084; x_wconf 74' lang='lat' dir='ltr'><strong>poetas</strong></span> 
     </span>
     <span class='ocr_line' id='line_1_6' title="bbox 272 1113 1349 1208; baseline -0.003 -27"><span class='ocrx_word' id='word_1_34' title='bbox 272 1119 388 1208; x_wconf 83' lang='lat' dir='ltr'><strong>epicos</strong></span> <span class='ocrx_word' id='word_1_35' title='bbox 424 1116 489 1181; x_wconf 90' lang='lat' dir='ltr'><strong>hoc</strong></span> <span class='ocrx_word' id='word_1_36' title='bbox 527 1115 656 1182; x_wconf 80' lang='lat' dir='ltr'><strong>honore</strong></span> <span class='ocrx_word' id='word_1_37' title='bbox 693 1113 826 1182; x_wconf 84' lang='lat' dir='ltr'><strong>affectos</strong></span> <span class='ocrx_word' id='word_1_38' title='bbox 866 1139 940 1180; x_wconf 86' lang='lat' dir='ltr'><strong>esse</strong></span> <span class='ocrx_word' id='word_1_39' title='bbox 978 1114 1148 1196; x_wconf 90' lang='lat' dir='ltr'><strong>videmus,</strong></span> <span class='ocrx_word' id='word_1_40' title='bbox 1185 1133 1218 1182; x_wconf 85' lang='lat' dir='ltr'><strong>et</strong></span> <span class='ocrx_word' id='word_1_41' title='bbox 1246 1139 1349 1208; x_wconf 89' lang='lat' dir='ltr'><strong>quum</strong></span> 
     </span>
     <span class='ocr_line' id='line_1_7' title="bbox 272 1229 1348 1330; baseline -0.005 -24"><span class='ocrx_word' id='word_1_42' title='bbox 272 1238 538 1306; x_wconf 85' lang='lat' dir='ltr'><strong>Pseudo-Plato</strong></span> <span class='ocrx_word' id='word_1_43' title='bbox 558 1229 619 1324; x_wconf 80' lang='lat'>¹3),</span> <span class='ocrx_word' id='word_1_44' title='bbox 644 1237 803 1306; x_wconf 89' lang='lat' dir='ltr'><strong>Aelianus</strong></span> <span class='ocrx_word' id='word_1_45' title='bbox 828 1231 873 1323; x_wconf 71' lang='lat'><strong>¹4)</strong></span> <span class='ocrx_word' id='word_1_46' title='bbox 899 1236 1024 1330; x_wconf 90' lang='lat' dir='ltr'><strong>aliique</strong></span> <span class='ocrx_word' id='word_1_47' title='bbox 1042 1240 1179 1305; x_wconf 80' lang='lat' dir='ltr'>Homeri</span> <span class='ocrx_word' id='word_1_48' title='bbox 1205 1239 1348 1305; x_wconf 71' lang='lat' dir='ltr'><strong>carmina</strong></span> 
     </span>
     <span class='ocr_line' id='line_1_8' title="bbox 243 1360 1348 1455; baseline -0.005 -23"><span class='ocrx_word' id='word_1_49' title='bbox 243 1365 306 1432; x_wconf 87' lang='lat' dir='ltr'><strong>&#39;in</strong></span> <span class='ocrx_word' id='word_1_50' title='bbox 335 1364 573 1430; x_wconf 75' lang='lat' dir='ltr'><strong>Panathenaicis</strong></span> <span class='ocrx_word' id='word_1_51' title='bbox 605 1389 623 1428; x_wconf 86' lang='lat' dir='ltr'><strong>a</strong></span> <span class='ocrx_word' id='word_1_52' title='bbox 653 1360 833 1455; x_wconf 89' lang='lat' dir='ltr'><strong>rhapsodis</strong></span> <span class='ocrx_word' id='word_1_53' title='bbox 868 1363 1007 1428; x_wconf 86' lang='lat' dir='ltr'><strong>recitata</strong></span> <span class='ocrx_word' id='word_1_54' title='bbox 1043 1386 1115 1428; x_wconf 88' lang='lat' dir='ltr'><strong>esse</strong></span> <span class='ocrx_word' id='word_1_55' title='bbox 1151 1361 1348 1454; x_wconf 87' lang='lat' dir='ltr'><strong>simpliciter</strong></span> 
     </span>
     <span class='ocr_line' id='line_1_9' title="bbox 270 1453 1348 1578; baseline -0.006 -22"><span class='ocrx_word' id='word_1_56' title='bbox 270 1486 436 1567; x_wconf 83' lang='lat' dir='ltr'><strong>reserant,</strong></span> <span class='ocrx_word' id='word_1_57' title='bbox 462 1489 531 1554; x_wconf 90' lang='lat' dir='ltr'><strong>veri</strong></span> <span class='ocrx_word' id='word_1_58' title='bbox 563 1486 670 1554; x_wconf 86' lang='lat' dir='ltr'><strong>simile</strong></span> <span class='ocrx_word' id='word_1_59' title='bbox 704 1511 777 1552; x_wconf 88' lang='lat' dir='ltr'><strong>esse</strong></span> <span class='ocrx_word' id='word_1_60' title='bbox 802 1453 979 1578; x_wconf 85' lang='lat' dir='ltr'><strong>putamtis,</strong></span> <span class='ocrx_word' id='word_1_61' title='bbox 1013 1485 1128 1577; x_wconf 88' lang='lat' dir='ltr'><strong>paullo</strong></span> <span class='ocrx_word' id='word_1_62' title='bbox 1159 1506 1237 1578; x_wconf 88' lang='lat' dir='ltr'><strong>post</strong></span> <span class='ocrx_word' id='word_1_63' title='bbox 1270 1487 1348 1552; x_wconf 86' lang='lat' dir='ltr'><strong>Pisi-</strong></span> 
     </span>
     <span class='ocr_line' id='line_1_10' title="bbox 271 1609 1346 1702; baseline -0.003 -25"><span class='ocrx_word' id='word_1_64' title='bbox 271 1613 362 1678; x_wconf 89' lang='lat' dir='ltr'><strong>strati</strong></span> <span class='ocrx_word' id='word_1_65' title='bbox 404 1627 534 1702; x_wconf 88' lang='lat' dir='ltr'><strong>tempus</strong></span> <span class='ocrx_word' id='word_1_66' title='bbox 575 1613 672 1676; x_wconf 88' lang='lat' dir='ltr'><strong>etiam</strong></span> <span class='ocrx_word' id='word_1_67' title='bbox 713 1611 750 1674; x_wconf 90' lang='lat' dir='ltr'><strong>in</strong></span> <span class='ocrx_word' id='word_1_68' title='bbox 787 1610 972 1676; x_wconf 89' lang='lat' dir='ltr'><strong>minoribus</strong></span> <span class='ocrx_word' id='word_1_69' title='bbox 1008 1611 1248 1676; x_wconf 86' lang='lat' dir='ltr'><strong>Panathenaeis</strong></span> <span class='ocrx_word' id='word_1_70' title='bbox 1286 1609 1346 1676; x_wconf 88' lang='lat' dir='ltr'><strong>hoc</strong></span> 
     </span>
     <span class='ocr_line' id='line_1_11' title="bbox 270 1731 1345 1823; baseline -0.003 -23"><span class='ocrx_word' id='word_1_71' title='bbox 270 1733 394 1800; x_wconf 82' lang='lat' dir='ltr'><strong>sactum</strong></span> <span class='ocrx_word' id='word_1_72' title='bbox 424 1757 505 1800; x_wconf 87' lang='lat' dir='ltr'><strong>esse.</strong></span> <span class='ocrx_word' id='word_1_73' title='bbox 544 1735 627 1800; x_wconf 76' lang='lat' dir='ltr'><strong>-Eai</strong></span> <span class='ocrx_word' id='word_1_74' title='bbox 652 1735 741 1798; x_wconf 87' lang='lat' dir='ltr'><strong>enim</strong></span> <span class='ocrx_word' id='word_1_75' title='bbox 767 1733 947 1823; x_wconf 83' lang='lat' dir='ltr'><strong>scriptores</strong></span> <span class='ocrx_word' id='word_1_76' title='bbox 973 1732 1036 1798; x_wconf 88' lang='lat' dir='ltr'><strong>hac</strong></span> <span class='ocrx_word' id='word_1_77' title='bbox 1067 1731 1110 1799; x_wconf 92' lang='lat' dir='ltr'><strong>de</strong></span> <span class='ocrx_word' id='word_1_78' title='bbox 1137 1755 1175 1798; x_wconf 89' lang='lat' dir='ltr'><strong>re</strong></span> <span class='ocrx_word' id='word_1_79' title='bbox 1199 1734 1289 1798; x_wconf 86' lang='lat' dir='ltr'><strong>inter</strong></span> <span class='ocrx_word' id='word_1_80' title='bbox 1314 1757 1345 1798; x_wconf 83' lang='lat' dir='ltr'><strong>se</strong></span> 
     </span>
     <span class='ocr_line' id='line_1_12' title="bbox 272 1855 1345 1948; baseline 0 -28"><span class='ocrx_word' id='word_1_81' title='bbox 272 1855 493 1937; x_wconf 79' lang='lat' dir='ltr'><strong>dissentiant,</strong></span> <span class='ocrx_word' id='word_1_82' title='bbox 532 1875 643 1923; x_wconf 89' lang='lat' dir='ltr'><strong>utrum</strong></span> <span class='ocrx_word' id='word_1_83' title='bbox 675 1857 888 1936; x_wconf 81' lang='lat' dir='ltr'><strong>Pisistratus,</strong></span> <span class='ocrx_word' id='word_1_84' title='bbox 931 1881 974 1920; x_wconf 88' lang='lat' dir='ltr'><strong>an</strong></span> <span class='ocrx_word' id='word_1_85' title='bbox 1008 1857 1222 1948; x_wconf 87' lang='lat' dir='ltr'><strong>Hipparchus</strong></span> <span class='ocrx_word' id='word_1_86' title='bbox 1262 1855 1345 1920; x_wconf 83' lang='lat' dir='ltr'><strong>lilius</strong></span> 
     </span>
     <span class='ocr_line' id='line_1_13' title="bbox 268 1977 1346 2071; baseline -0.003 -25"><span class='ocrx_word' id='word_1_87' title='bbox 268 1977 379 2071; x_wconf 86' lang='lat' dir='ltr'><strong>legem</strong></span> <span class='ocrx_word' id='word_1_88' title='bbox 405 1981 590 2046; x_wconf 79' lang='lat' dir='ltr'><strong>carminum</strong></span> <span class='ocrx_word' id='word_1_89' title='bbox 620 1980 759 2046; x_wconf 84' lang='lat' dir='ltr'><strong>Homeri</strong></span> <span class='ocrx_word' id='word_1_90' title='bbox 781 1977 1031 2045; x_wconf 88' lang='lat' dir='ltr'><strong>recitandornm</strong></span> <span class='ocrx_word' id='word_1_91' title='bbox 1056 1977 1205 2064; x_wconf 82' lang='lat' dir='ltr'><strong>dederit,</strong></span> <span class='ocrx_word' id='word_1_92' title='bbox 1233 1979 1346 2045; x_wconf 87' lang='lat' dir='ltr'><strong>melius</strong></span> 
     </span>
     <span class='ocr_line' id='line_1_14' title="bbox 270 2097 1347 2180; baseline -0.002 -10"><span class='ocrx_word' id='word_1_93' title='bbox 270 2122 381 2170; x_wconf 85' lang='lat' dir='ltr'><strong>tamen</strong></span> <span class='ocrx_word' id='word_1_94' title='bbox 412 2105 618 2171; x_wconf 82' lang='lat' dir='ltr'><strong>Pisistratum</strong></span> <span class='ocrx_word' id='word_1_95' title='bbox 658 2104 756 2168; x_wconf 90' lang='lat' dir='ltr'><strong>huius</strong></span> <span class='ocrx_word' id='word_1_96' title='bbox 792 2097 932 2170; x_wconf 87' lang='lat' dir='ltr'><strong>instituti</strong></span> <span class='ocrx_word' id='word_1_97' title='bbox 970 2120 1140 2170; x_wconf 83' lang='lat' dir='ltr'><strong>auctorem</strong></span> <span class='ocrx_word' id='word_1_98' title='bbox 1174 2104 1347 2180; x_wconf 87' lang='lat' dir='ltr'><strong>habemus,</strong></span> 
     </span>
     <span class='ocr_line' id='line_1_15' title="bbox 270 2205 1347 2319; baseline -0.001 -28"><span class='ocrx_word' id='word_1_99' title='bbox 270 2252 372 2319; x_wconf 89' lang='lat' dir='ltr'><strong>quam</strong></span> <span class='ocrx_word' id='word_1_100' title='bbox 399 2229 470 2294; x_wconf 86' lang='lat' dir='ltr'><strong>eius</strong></span> <span class='ocrx_word' id='word_1_101' title='bbox 495 2227 620 2306; x_wconf 90' lang='lat' dir='ltr'><strong>filium,</strong></span> <span class='ocrx_word' id='word_1_102' title='bbox 645 2227 767 2318; x_wconf 89' lang='lat' dir='ltr'><strong>partim</strong></span> <span class='ocrx_word' id='word_1_103' title='bbox 793 2227 871 2319; x_wconf 88' lang='lat' dir='ltr'><strong>quia</strong></span> <span class='ocrx_word' id='word_1_104' title='bbox 896 2205 1076 2319; x_wconf 77' lang='lat' dir='ltr'><strong>scriptores</strong></span> <span class='ocrx_word' id='word_1_105' title='bbox 1104 2249 1170 2294; x_wconf 92' lang='lat' dir='ltr'><strong>uno</strong></span> <span class='ocrx_word' id='word_1_106' title='bbox 1194 2225 1267 2291; x_wconf 89' lang='lat' dir='ltr'><strong>sere</strong></span> <span class='ocrx_word' id='word_1_107' title='bbox 1294 2249 1347 2292; x_wconf 91' lang='lat' dir='ltr'><strong>ore</strong></span> 
     </span>
     <span class='ocr_line' id='line_1_16' title="bbox 270 2348 1346 2442; baseline -0.003 -26"><span class='ocrx_word' id='word_1_108' title='bbox 270 2349 407 2419; x_wconf 88' lang='lat' dir='ltr'><strong>tradunt</strong></span> <span class='ocrx_word' id='word_1_109' title='bbox 438 2350 534 2416; x_wconf 91' lang='lat' dir='ltr'><strong>illum</strong></span> <span class='ocrx_word' id='word_1_110' title='bbox 562 2351 701 2417; x_wconf 90' lang='lat' dir='ltr'><strong>Homeri</strong></span> <span class='ocrx_word' id='word_1_111' title='bbox 736 2352 881 2416; x_wconf 88' lang='lat' dir='ltr'><strong>carmina</strong></span> <span class='ocrx_word' id='word_1_112' title='bbox 912 2349 1103 2442; x_wconf 82' lang='lat' dir='ltr'><strong>collegisse,</strong></span> <span class='ocrx_word' id='word_1_113' title='bbox 1133 2348 1239 2435; x_wconf 91' lang='lat' dir='ltr'><strong>(unde</strong></span> <span class='ocrx_word' id='word_1_114' title='bbox 1274 2373 1346 2416; x_wconf 88' lang='lat' dir='ltr'><strong>eum</strong></span> 
     </span>
     <span class='ocr_line' id='line_1_17' title="bbox 268 2471 1344 2556; baseline 0.001 -18"><span class='ocrx_word' id='word_1_115' title='bbox 268 2475 351 2538; x_wconf 90' lang='lat' dir='ltr'><strong>haec</strong></span> <span class='ocrx_word' id='word_1_116' title='bbox 379 2475 525 2539; x_wconf 85' lang='lat' dir='ltr'><strong>earmina</strong></span> <span class='ocrx_word' id='word_1_117' title='bbox 551 2475 649 2540; x_wconf 88' lang='lat' dir='ltr'><strong>etiam</strong></span> <span class='ocrx_word' id='word_1_118' title='bbox 673 2474 807 2538; x_wconf 89' lang='lat' dir='ltr'><strong>recitari</strong></span> <span class='ocrx_word' id='word_1_119' title='bbox 832 2473 966 2538; x_wconf 90' lang='lat' dir='ltr'><strong>iussisse</strong></span> <span class='ocrx_word' id='word_1_120' title='bbox 991 2471 1240 2541; x_wconf 86' lang='lat' dir='ltr'><strong>coniiciendum</strong></span> <span class='ocrx_word' id='word_1_121' title='bbox 1266 2471 1344 2556; x_wconf 90' lang='lat' dir='ltr'><strong>est),</strong></span> 
     </span>
     <span class='ocr_line' id='line_1_18' title="bbox 267 2592 1343 2688; baseline 0.001 -29"><span class='ocrx_word' id='word_1_122' title='bbox 267 2597 391 2686; x_wconf 88' lang='lat' dir='ltr'><strong>partim</strong></span> <span class='ocrx_word' id='word_1_123' title='bbox 417 2597 495 2686; x_wconf 88' lang='lat' dir='ltr'><strong>quia</strong></span> <span class='ocrx_word' id='word_1_124' title='bbox 520 2592 613 2662; x_wconf 89' lang='lat' dir='ltr'><strong>nullu</strong></span> <span class='ocrx_word' id='word_1_125' title='bbox 639 2594 741 2661; x_wconf 90' lang='lat' dir='ltr'><strong>modo</strong></span> <span class='ocrx_word' id='word_1_126' title='bbox 768 2595 841 2660; x_wconf 87' lang='lat' dir='ltr'><strong>lieri</strong></span> <span class='ocrx_word' id='word_1_127' title='bbox 867 2612 1013 2688; x_wconf 86' lang='lat' dir='ltr'><strong>poterat,</strong></span> <span class='ocrx_word' id='word_1_128' title='bbox 1034 2594 1150 2663; x_wconf 90' lang='lat' dir='ltr'><strong>utillo</strong></span> <span class='ocrx_word' id='word_1_129' title='bbox 1177 2594 1252 2676; x_wconf 86' lang='lat' dir='ltr'><strong>die,</strong></span> <span class='ocrx_word' id='word_1_130' title='bbox 1279 2619 1343 2687; x_wconf 89' lang='lat' dir='ltr'><strong>quo</strong></span> 
     </span>
     <span class='ocr_line' id='line_1_19' title="bbox 268 2716 1344 2810; baseline 0.002 -28"><span class='ocrx_word' id='word_1_131' title='bbox 268 2716 469 2804; x_wconf 87' lang='lat' dir='ltr'><strong>Harmodius</strong></span> <span class='ocrx_word' id='word_1_132' title='bbox 492 2737 526 2784; x_wconf 89' lang='lat' dir='ltr'><strong>et</strong></span> <span class='ocrx_word' id='word_1_133' title='bbox 539 2720 743 2810; x_wconf 82' lang='lat' dir='ltr'><strong>Aristogiton</strong></span> <span class='ocrx_word' id='word_1_134' title='bbox 770 2717 925 2784; x_wconf 88' lang='lat' dir='ltr'><strong>laudibus</strong></span> <span class='ocrx_word' id='word_1_135' title='bbox 953 2719 1223 2804; x_wconf 84' lang='lat' dir='ltr'><strong>celebrabantur,</strong></span> <span class='ocrx_word' id='word_1_136' title='bbox 1248 2722 1344 2788; x_wconf 86' lang='lat' dir='ltr'><strong>ctiam</strong></span> 
     </span>
    </p>
   </div>
   <div class='ocr_carea' id='block_1_3' title="bbox 268 2840 1430 2935">
    <p class='ocr_par' dir='ltr' id='par_1_3' title="bbox 268 2840 1430 2935">
     <span class='ocr_line' id='line_1_20' title="bbox 268 2840 1430 2935; baseline -0.003 -25"><span class='ocrx_word' id='word_1_137' title='bbox 268 2840 304 2910; x_wconf 85' lang='lat' dir='ltr'><strong>id</strong></span> <span class='ocrx_word' id='word_1_138' title='bbox 341 2841 455 2921; x_wconf 84' lang='lat' dir='ltr'><strong>lieret,</strong></span> <span class='ocrx_word' id='word_1_139' title='bbox 496 2841 588 2934; x_wconf 89' lang='lat' dir='ltr'><strong>quod</strong></span> <span class='ocrx_word' id='word_1_140' title='bbox 624 2843 838 2934; x_wconf 85' lang='lat' dir='ltr'><strong>Hipparchus</strong></span> <span class='ocrx_word' id='word_1_141' title='bbox 877 2844 934 2935; x_wconf 91' lang='lat' dir='ltr'><strong>qni</strong></span> <span class='ocrx_word' id='word_1_142' title='bbox 967 2843 1226 2911; x_wconf 88' lang='lat' dir='ltr'><strong>Atheniensibus</strong></span> <span class='ocrx_word' id='word_1_143' title='bbox 1266 2842 1343 2908; x_wconf 90' lang='lat' dir='ltr'><strong>odio</strong></span> <span class='ocrx_word' id='word_1_144' title='bbox 1429 2863 1430 2880; x_wconf 65' lang='lat'>¹</span> 
     </span>
    </p>
   </div>
   <div class='ocr_carea' id='block_1_4' title="bbox 268 2965 1344 3056">
    <p class='ocr_par' dir='ltr' id='par_1_4' title="bbox 268 2965 1344 3056">
     <span class='ocr_line' id='line_1_21' title="bbox 268 2965 1344 3056; baseline -0.001 -26"><span class='ocrx_word' id='word_1_145' title='bbox 268 2984 352 3045; x_wconf 86' lang='lat' dir='ltr'><strong>erat,</strong></span> <span class='ocrx_word' id='word_1_146' title='bbox 386 2967 565 3033; x_wconf 78' lang='lat' dir='ltr'><strong>instituisse</strong></span> <span class='ocrx_word' id='word_1_147' title='bbox 597 2965 710 3032; x_wconf 84' lang='lat' dir='ltr'><strong>sertor.</strong></span> <span class='ocrx_word' id='word_1_148' title='bbox 767 2969 920 3032; x_wconf 87' lang='lat' dir='ltr'><strong>Fortasse</strong></span> <span class='ocrx_word' id='word_1_149' title='bbox 951 2967 1050 3056; x_wconf 86' lang='lat' dir='ltr'><strong>igitur</strong></span> <span class='ocrx_word' id='word_1_150' title='bbox 1080 2983 1171 3032; x_wconf 89' lang='lat' dir='ltr'><strong>recte</strong></span> <span class='ocrx_word' id='word_1_151' title='bbox 1203 2968 1344 3032; x_wconf 88' lang='lat' dir='ltr'><strong>coniecit</strong></span> 
     </span>
    </p>
   </div>
   <div class='ocr_carea' id='block_1_5' title="bbox 267 3085 1342 3182">
    <p class='ocr_par' dir='ltr' id='par_1_5' title="bbox 267 3085 1342 3182">
     <span class='ocr_line' id='line_1_22' title="bbox 267 3085 1342 3182; baseline -0.004 -28"><span class='ocrx_word' id='word_1_152' title='bbox 267 3087 456 3156; x_wconf 85' lang='lat' dir='ltr'><strong>Cliutonius</strong></span> <span class='ocrx_word' id='word_1_153' title='bbox 481 3085 524 3172; x_wconf 83' lang='grc'><strong>15)</strong></span> <span class='ocrx_word' id='word_1_154' title='bbox 560 3089 792 3181; x_wconf 86' lang='lat' dir='ltr'><strong>Hipparchum</strong></span> <span class='ocrx_word' id='word_1_155' title='bbox 827 3109 954 3182; x_wconf 87' lang='lat' dir='ltr'><strong>patrem</strong></span> <span class='ocrx_word' id='word_1_156' title='bbox 986 3092 1021 3153; x_wconf 92' lang='lat' dir='ltr'><strong>in</strong></span> <span class='ocrx_word' id='word_1_157' title='bbox 1056 3089 1107 3154; x_wconf 92' lang='lat' dir='ltr'><strong>his</strong></span> <span class='ocrx_word' id='word_1_158' title='bbox 1143 3091 1342 3154; x_wconf 89' lang='lat' dir='ltr'><strong>carminibus</strong></span> 
     </span>
    </p>
   </div>
   <div class='ocr_carea' id='block_1_6' title="bbox 267 3201 1429 3304">
    <p class='ocr_par' dir='ltr' id='par_1_6' title="bbox 267 3201 1429 3304">
     <span class='ocr_line' id='line_1_23' title="bbox 267 3201 1429 3304; baseline -0.002 -27"><span class='ocrx_word' id='word_1_159' title='bbox 267 3209 465 3304; x_wconf 82' lang='lat' dir='ltr'><strong>colligendis</strong></span> <span class='ocrx_word' id='word_1_160' title='bbox 491 3209 673 3290; x_wconf 82' lang='lat' dir='ltr'><strong>adiuvisse,</strong></span> <span class='ocrx_word' id='word_1_161' title='bbox 696 3201 740 3279; x_wconf 87' lang='lat' dir='ltr'><strong>ita</strong></span> <span class='ocrx_word' id='word_1_162' title='bbox 765 3231 802 3278; x_wconf 90' lang='lat' dir='ltr'><strong>ut</strong></span> <span class='ocrx_word' id='word_1_163' title='bbox 824 3213 888 3281; x_wconf 91' lang='lat' dir='ltr'><strong>hoc</strong></span> <span class='ocrx_word' id='word_1_164' title='bbox 913 3212 1099 3281; x_wconf 86' lang='lat' dir='ltr'><strong>institutum</strong></span> <span class='ocrx_word' id='word_1_165' title='bbox 1123 3213 1160 3278; x_wconf 92' lang='lat' dir='ltr'><strong>in</strong></span> <span class='ocrx_word' id='word_1_166' title='bbox 1184 3209 1342 3279; x_wconf 84' lang='lat' dir='ltr'><strong>Pisistrati</strong></span> <span class='ocrx_word' id='word_1_167' title='bbox 1428 3210 1429 3230; x_wconf 64' lang='lat'>¹</span> 
     </span>
    </p>
   </div>
   <div class='ocr_carea' id='block_1_7' title="bbox 177 3332 736 3450">
    <p class='ocr_par' dir='ltr' id='par_1_7' title="bbox 177 3332 736 3450">
     <span class='ocr_line' id='line_1_24' title="bbox 177 3332 736 3450; baseline -0.002 -51"><span class='ocrx_word' id='word_1_168' title='bbox 177 3337 182 3346; x_wconf 86' lang='lat'><em>&#39;</em></span> <span class='ocrx_word' id='word_1_169' title='bbox 266 3332 450 3450; x_wconf 57' lang='lat' dir='ltr'><strong>tyrannidis</strong></span> <span class='ocrx_word' id='word_1_170' title='bbox 475 3333 576 3399; x_wconf 89' lang='lat' dir='ltr'><strong>finem</strong></span> <span class='ocrx_word' id='word_1_171' title='bbox 601 3333 736 3401; x_wconf 88' lang='lat' dir='ltr'><strong>incidat.</strong></span> 
     </span>
    </p>
   </div>
   <div class='ocr_carea' id='block_1_8' title="bbox 282 3674 1340 4272">
    <p class='ocr_par' dir='ltr' id='par_1_8' title="bbox 304 3674 1340 3924">
     <span class='ocr_line' id='line_1_25' title="bbox 304 3674 1340 3750; baseline -0.002 -19"><span class='ocrx_word' id='word_1_172' title='bbox 304 3678 345 3750; x_wconf 83' lang='lat' dir='ltr'><strong>ta)</strong></span> <span class='ocrx_word' id='word_1_173' title='bbox 367 3677 432 3731; x_wconf 77' lang='lat' dir='ltr'><strong>adv.</strong></span> <span class='ocrx_word' id='word_1_174' title='bbox 444 3674 534 3729; x_wconf 81' lang='lat' dir='ltr'><strong>Leocr.</strong></span> <span class='ocrx_word' id='word_1_175' title='bbox 553 3695 580 3746; x_wconf 91' lang='lat' dir='ltr'><strong>p.</strong></span> <span class='ocrx_word' id='word_1_176' title='bbox 595 3677 651 3731; x_wconf 71' lang='lat'><strong>261.</strong></span> <span class='ocrx_word' id='word_1_177' title='bbox 673 3677 812 3747; x_wconf 71' lang='grc' dir='ltr'><strong>Υπέλαβον</strong></span> <span class='ocrx_word' id='word_1_178' title='bbox 829 3677 910 3750; x_wconf 78' lang='grc' dir='ltr'><em>ὑμῶν</em></span> <span class='ocrx_word' id='word_1_179' title='bbox 924 3680 952 3732; x_wconf 81' lang='grc' dir='ltr'><strong>οἱ</strong></span> <span class='ocrx_word' id='word_1_180' title='bbox 961 3683 1079 3750; x_wconf 69' lang='grc' dir='ltr'><strong>πατέρες</strong></span> <span class='ocrx_word' id='word_1_181' title='bbox 1096 3680 1255 3735; x_wconf 72' lang='grc' dir='ltr'><em>σπουδαῖον</em></span> <span class='ocrx_word' id='word_1_182' title='bbox 1268 3679 1340 3735; x_wconf 77' lang='grc' dir='ltr'><em>εἶναι</em></span> 
     </span>
     <span class='ocr_line' id='line_1_26' title="bbox 369 3757 1338 3837; baseline 0 -20"><span class='ocrx_word' id='word_1_183' title='bbox 369 3758 418 3819; x_wconf 75' lang='grc' dir='ltr'><strong>τὸν</strong></span> <span class='ocrx_word' id='word_1_184' title='bbox 435 3757 552 3830; x_wconf 70' lang='grc' dir='ltr'><em>ποιητὴν</em></span> <span class='ocrx_word' id='word_1_185' title='bbox 570 3758 635 3834; x_wconf 75' lang='lat' dir='ltr'><strong>(uir</strong></span> <span class='ocrx_word' id='word_1_186' title='bbox 646 3761 794 3836; x_wconf 78' lang='grc' dir='ltr'><strong>Ὅμηρον),</strong></span> <span class='ocrx_word' id='word_1_187' title='bbox 818 3763 891 3818; x_wconf 79' lang='grc' dir='ltr'><em>ὥστε</em></span> <span class='ocrx_word' id='word_1_188' title='bbox 911 3765 1002 3837; x_wconf 85' lang='grc' dir='ltr'><em>νόμον</em></span> <span class='ocrx_word' id='word_1_189' title='bbox 1026 3769 1121 3822; x_wconf 75' lang='grc' dir='ltr'><em>ἔθεντο</em></span> <span class='ocrx_word' id='word_1_190' title='bbox 1140 3771 1204 3820; x_wconf 69' lang='grc' dir='ltr'><strong>καθ’</strong></span> <span class='ocrx_word' id='word_1_191' title='bbox 1222 3766 1338 3830; x_wconf 71' lang='grc' dir='ltr'><em>ἑκάστην</em></span> 
     </span>
     <span class='ocr_line' id='line_1_27' title="bbox 369 3851 1339 3924; baseline 0.002 -20"><span class='ocrx_word' id='word_1_192' title='bbox 369 3851 571 3921; x_wconf 74' lang='grc' dir='ltr'><strong>πενταετηρίδα</strong></span> <span class='ocrx_word' id='word_1_193' title='bbox 590 3851 647 3904; x_wconf 76' lang='grc' dir='ltr'><strong>τῶν</strong></span> <span class='ocrx_word' id='word_1_194' title='bbox 667 3855 884 3918; x_wconf 71' lang='grc' dir='ltr'><em>Παναθηναίων</em></span> <span class='ocrx_word' id='word_1_195' title='bbox 899 3853 991 3924; x_wconf 84' lang='grc' dir='ltr'><em>μόνον</em></span> <span class='ocrx_word' id='word_1_196' title='bbox 1017 3855 1073 3910; x_wconf 71' lang='grc' dir='ltr'><strong>τῶν</strong></span> <span class='ocrx_word' id='word_1_197' title='bbox 1098 3853 1188 3906; x_wconf 75' lang='grc' dir='ltr'><em>ἄλλων</em></span> <span class='ocrx_word' id='word_1_198' title='bbox 1218 3853 1339 3919; x_wconf 72' lang='grc' dir='ltr'><em>ποιητῶν</em></span> 
     </span>
    </p>

    <p class='ocr_par' dir='ltr' id='par_1_9' title="bbox 282 3931 1004 4014">
     <span class='ocr_line' id='line_1_28' title="bbox 282 3931 1004 4014; baseline -0.003 -22"><span class='ocrx_word' id='word_1_199' title='bbox 282 3995 288 4014; x_wconf 49' lang='grc' dir='ltr'><em>Ι</em></span> <span class='ocrx_word' id='word_1_200' title='bbox 341 3973 342 3978; x_wconf 64' lang='lat'>=</span> <span class='ocrx_word' id='word_1_201' title='bbox 368 3931 617 4010; x_wconf 75' lang='grc' dir='ltr'><strong>ῥαψωδεῖσθαιτᾶ</strong></span> <span class='ocrx_word' id='word_1_202' title='bbox 636 3940 695 4004; x_wconf 69' lang='grc' dir='ltr'><strong>ἔπη.</strong></span> <span class='ocrx_word' id='word_1_203' title='bbox 723 3939 756 3989; x_wconf 84' lang='lat' dir='ltr'><strong>cl.</strong></span> <span class='ocrx_word' id='word_1_204' title='bbox 776 3939 838 3992; x_wconf 85' lang='lat' dir='ltr'><strong>Plat.</strong></span> <span class='ocrx_word' id='word_1_205' title='bbox 861 3941 919 3991; x_wconf 91' lang='lat' dir='ltr'><strong>lon.</strong></span> <span class='ocrx_word' id='word_1_206' title='bbox 946 3941 1004 3993; x_wconf 83' lang='lat' dir='ltr'><strong>init.</strong></span> 
     </span>
    </p>

    <p class='ocr_par' dir='ltr' id='par_1_10' title="bbox 304 4026 677 4096">
     <span class='ocr_line' id='line_1_29' title="bbox 304 4026 677 4096; baseline -0.011 -17"><span class='ocrx_word' id='word_1_207' title='bbox 304 4032 343 4094; x_wconf 72' lang='lat'><strong>13)</strong></span> <span class='ocrx_word' id='word_1_208' title='bbox 365 4026 510 4096; x_wconf 85' lang='lat' dir='ltr'><strong>Hipparch.</strong></span> <span class='ocrx_word' id='word_1_209' title='bbox 528 4045 553 4095; x_wconf 90' lang='lat' dir='ltr'><strong>p.</strong></span> <span class='ocrx_word' id='word_1_210' title='bbox 571 4029 632 4089; x_wconf 81' lang='lat'>228,</span> <span class='ocrx_word' id='word_1_211' title='bbox 649 4027 677 4076; x_wconf 84' lang='lat' dir='ltr'><strong>B.</strong></span> 
     </span>
    </p>

    <p class='ocr_par' dir='ltr' id='par_1_11' title="bbox 302 4113 685 4182">
     <span class='ocr_line' id='line_1_30' title="bbox 302 4113 685 4182; baseline 0 -15"><span class='ocrx_word' id='word_1_212' title='bbox 302 4118 343 4182; x_wconf 68' lang='lat'><strong>14)</strong></span> <span class='ocrx_word' id='word_1_213' title='bbox 363 4115 433 4174; x_wconf 87' lang='lat' dir='ltr'><strong>vm,</strong></span> <span class='ocrx_word' id='word_1_214' title='bbox 451 4129 476 4167; x_wconf 60' lang='grc' dir='ltr'><strong>ιι.</strong></span> <span class='ocrx_word' id='word_1_215' title='bbox 497 4113 530 4162; x_wconf 76' lang='lat' dir='ltr'><strong>cf.</strong></span> <span class='ocrx_word' id='word_1_216' title='bbox 551 4113 621 4173; x_wconf 87' lang='lat' dir='ltr'><strong>xm,</strong></span> <span class='ocrx_word' id='word_1_217' title='bbox 644 4118 685 4179; x_wconf 68' lang='lat' dir='ltr'><strong>na.</strong></span> 
     </span>
    </p>

    <p class='ocr_par' dir='ltr' id='par_1_12' title="bbox 302 4200 686 4272">
     <span class='ocr_line' id='line_1_31' title="bbox 302 4200 686 4272; baseline 0.003 -20"><span class='ocrx_word' id='word_1_218' title='bbox 302 4205 342 4272; x_wconf 72' lang='lat'><strong>15)</strong></span> <span class='ocrx_word' id='word_1_219' title='bbox 364 4203 392 4254; x_wconf 79' lang='lat' dir='ltr'><strong>F.</strong></span> <span class='ocrx_word' id='word_1_220' title='bbox 416 4201 446 4252; x_wconf 90' lang='lat' dir='ltr'><strong>H.</strong></span> <span class='ocrx_word' id='word_1_221' title='bbox 467 4200 528 4252; x_wconf 87' lang='lat' dir='ltr'><strong>Vol.</strong></span> <span class='ocrx_word' id='word_1_222' title='bbox 550 4203 567 4255; x_wconf 90' lang='grc' dir='ltr'><strong>Ι.</strong></span> <span class='ocrx_word' id='word_1_223' title='bbox 588 4217 613 4268; x_wconf 91' lang='lat' dir='ltr'><strong>p.</strong></span> <span class='ocrx_word' id='word_1_224' title='bbox 627 4205 686 4269; x_wconf 75' lang='lat'><strong>³7¹·</strong></span> 
     </span>
    </p>
   </div>
   <div class='ocr_carea' id='block_1_9' title="bbox 0 0 1458 4882">
    <p class='ocr_par' dir='ltr' id='par_1_13' title="bbox 0 0 1458 4882">
     <span class='ocr_line' id='line_1_32' title="bbox 0 0 1458 4882; baseline 0 2"><span class='ocrx_word' id='word_1_225' title='bbox 0 0 1458 4882; x_wconf 95' lang='lat' dir='ltr'><strong> </strong></span> 
     </span>
    </p>
   </div>
  </div>
 </body>
</html>
