2920 4868
508 453 758 516 ‘'11¹-

134 635 281 706 etiami
306 636 541 724 Παναναῑκὸς
568 663 640 714 erat
655 637 695 735 6).
737 639 870 712 Similes
894 665 948 712 res
976 640 1176 710 continuisse

133 760 267 830 videtur
291 763 413 836 Plutan
449 765 470 847 ἡ
503 769 575 836 ταῖν
600 758 872 846 Παναθηναίων
903 759 1026 860 γραφὴ
1052 763 1073 844 ἡ
1098 757 1181 860 περὶ

135 887 318 971 μουσικοῦ
342 885 452 979 dysis,
478 912 580 982 quam
604 889 677 982 ipse
709 885 822 957 laudat
852 890 887 956 in
919 886 1008 956 libre
1034 885 1077 955 de
1102 889 1180 955 Mu-

135 1013 204 1080 sica
223 1005 265 1101 7).
340 1013 615 1092 De-zrtamiuibus
640 1030 813 1106 practerea
850 1014 1054 1106 scripserant
1077 1008 1182 1078 Calli-

135 1135 272 1202 machus
294 1127 629 1228 ⁸)etltoch01ns9).
681 1137 755 1204 Huc
779 1155 931 1232 spectant
950 1139 1049 1205 ctiam
1067 1137 1181 1216 Istrus,

135 1256 336 1328 Hellanicus·
366 1279 400 1328 et
418 1261 578 1334 udretiou
616 1285 761 1358 querum
792 1259 897 1329 libros
923 1251 1105 1328 Ἀτθίδων
1137 1259 1182 1328 de

136 1377 224 1448 seriis
249 1385 369 1456 Atticis
403 1389 463 1458 dte
500 1386 692 1482 prodidisse
724 1383 902 1492 verisimile
927 1403 994 1470 cst,
1028 1404 1129 1478 atque
1154 1385 1183 1450 si

136 1506 375 1577 sacrificiorum
398 1511 649 1592 ronemhabes,
674 1534 743 1578 non
760 1511 869 1576 minus
894 1533 1047 1602 magnam
1070 1532 1182 1576 sume-

134 1652 243 1697 remus
280 1635 463 1706 nctitiannx
501 1635 595 1705 libris
629 1657 714 1728 quos
740 1634 919 1726 scripserat
951 1632 1067 1700 Crates
1096 1625 1179 1724 περὶ

135 1752 203 1820 τῶν
229 1748 406 1853 Ἀθήνῃσι
426 1750 525 1828 aeter
546 1754 601 1852 ¹⁰)

230 1875 324 1943 Inter
347 1883 511 1950 receiores
544 1900 654 1949 eutem
680 1879 860 1972 scriptores
892 1874 935 1945 de
963 1877 1055 1946 festis
1078 1876 1184 1962 Grae·

139 2019 249 2064 eurum
274 2019 414 2091 egerunt
430 2006 566 2072 [eursius
592 2023 626 2071 et
650 2001 869 2084 Castellanus,
895 2024 1041 2095 quorum
1061 1999 1119 2067 ille
1142 1999 1184 2067 dc

135 2118 369 2188 Panathenaeis
392 2121 479 2192 lihm
512 2124 713 2219 singularem
749 2121 879 2204 edidit,
914 2124 961 2190 ita
1002 2141 1113 2190 temen
1133 2111 1185 2189 ”tat

133 2243 192 2335 pre
219 2269 280 2313 sue
302 2249 507 2318 consuedine
531 2250 666 2317 nonnisi
691 2246 783 2314 locos
812 2247 1014 2339 scripturum
1040 2244 1187 2336 college-

15 2353 16 2358 *
130 2366 180 2432 rit.
256 2364 561 2460 Supplevithorum
601 2369 706 2439 libros
750 2365 794 2435 de
839 2365 931 2434 sestis
979 2367 1188 2435 Graecorum

129 2489 278 2558 Larcher
317 2492 354 2556 in
402 2497 646 2574 sementatioue
687 2516 747 2558 sur
789 2490 948 2585 quelques
978 2485 1079 2580 frites
1124 2485 1185 2554 des

133 2609 246 2678 Grecs
268 2619 391 2681 emises
412 2641 447 2708 pt
465 2614 681 2687 Cmtellaitus
706 2631 741 2681 et
757 2617 928 2682 Meursius
953 2616 990 2681 in
1012 2609 1113 2682 Mem.
1139 2611 1184 2679 de

135 2731 267 2822 [Arari.
292 2737 355 2804 des
380 2738 461 2806 Ius.
494 2743 531 2808 T.
556 2739 732 2810 XLVIII.
754 2761 788 2828 p.
816 2739 890 2806 ‘252
910 2759 982 2828 sqq.
1050 2736 1191 2802 Librum

15 2927 16 2930 ,
67 2943 70 2954 Ι
130 2859 378 2952 perabsurdum
412 2859 550 2930 defestis
585 2862 719 2953 scripsit
753 2860 802 2926 Μ.
827 2855 867 2925 G.
897 2859 1085 2938 Hermann,
1133 2855 1190 2922 die

130 2983 233 3048 Ferte
259 3006 326 3049 von
341 2985 451 3052 Hella.
494 2984 648 3076 Denique
674 2984 866 3076 nuperrime
892 2977 936 3044 dc
953 2977 1191 3044 Panathenaeis
1226 3013 1228 3020 ·

128 3107 195 3198 egit
219 3104 609 3176 Hoffmannus·'Cassellis
634 3093 748 3198 1835)
775 3108 834 3198 qui
862 3104 987 3170 librum
1011 3127 1109 3170 suum
1134 3127 1189 3167 ar-

129 3228 379 3321 ehacolugicum
416 3245 491 3333 voat'.
548 3229 648 3316 Quod
691 3227 891 3298 vocabulum
927 3251 970 3293 ne
1009 3249 1191 3318 perperam

125 3348 292 3442 intelligas
316 3352 404 3418 bene
431 3377 458 3447 eq
477 3351 680 3436 cavendum,
716 3375 794 3416 nem
828 3373 881 3416 res
916 3347 1186 3440 archaeologieec

127 3469 248 3540 frustra
273 3474 331 3539 hie
357 3481 541 3579 quaerptur.
598 3473 709 3565 Atque
746 3474 845 3538 ctiam
882 3469 926 3536 dc
963 3471 1064 3536 rebus
1107 3469 1189 3558 ipsis

129 3621 213 3688 quae
252 3598 288 3663 in
313 3598 524 3669 Peuathmcis
557 3596 702 3680 fiebant,
738 3615 806 3664 tem
845 3619 952 3690 pauca
988 3591 1187 3686 comperies,
1255 3604 1256 3613 ’

128 3781 407 3795 Ἣ

174 3883 205 3952 6)
225 3881 267 3936 Cf.
288 3881 380 3934 Naclte
399 3885 434 3933 im
452 3883 519 3938 teis.
539 3883 607 3936 Mus.
629 3882 649 3934 Ι.
666 3899 691 3952 p.
711 3881 744 3950 40
763 3895 821 3950 sqq.
889 3913 894 3920 .

177 3973 205 4038 7)
226 3987 252 4038 p.
277 3974 350 4038 ¹¹34·
369 3972 398 4021 A:

179 4059 207 4123 8)
229 4057 309 4126 Hesp.
329 4077 348 4108 s.
367 4077 391 4110 v.
406 4055 484 4135 Ἅννα.

177 4144 207 4214 9)
227 4143 312 4198 Suid„
323 4161 344 4196 s.
363 4145 390 4201 h.
410 4163 436 4197 v.
465 4138 466 4151 ¹

166 4234 208 4300 to)
227 4231 301 4282 Scit.
320 4249 340 4284 s.
358 4251 383 4285 v.
404 4236 541 4302 Εἰραώνη·
