2920 4868
35 3758 47 3792 Χ

530 419 780 490 ...43-

113 616 235 682 sactum
262 639 334 684 csse
361 617 521 684 archonte
547 613 749 684 Chaeronda
773 617 795 682 i.
820 640 848 682 c.
880 613 937 687 Ol.
961 617 1041 699 110,
1062 620 1085 688 3
1110 617 1202 686 dicit.

114 725 214 822 Quod
240 739 268 804 si
294 740 466 806 statuimus
492 739 617 832 optime
643 736 806 831 explicari
823 757 935 832 potest
958 740 1091 807 initium
1115 739 1204 807 mul-

112 878 222 928 torum
246 860 418 928 titulorum
442 861 671 928 notissimum:
697 851 789 928 τάδε
814 854 1027 956 παρέδοσαν
1052 859 1094 930 αἱ
1118 859 1205 930 τέτ-

110 1004 220 1076 ταρες
246 979 386 1081 ἀρχοὶ,
421 975 463 1050 αἳ
496 973 674 1053 ἐδίδοσαν
699 979 767 1052 τόν
803 980 912 1076 λόγον
949 983 987 1052 ἐκ
1024 985 1204 1065 Παναθη-

110 1099 221 1175 ναὶοιν
251 1106 288 1186 ἐς
308 1105 571 1186 Παναθήναια.
636 1109 681 1176 Ει
720 1133 825 1202 quum
866 1133 969 1202 supra
1010 1107 1203 1196 dixerimus,

109 1231 279 1298 minorum
304 1232 436 1299 initium
460 1232 618 1298 incidisse
641 1233 678 1298 in
703 1230 795 1299 diem
815 1209 1115 1301 Hecatombaeonis
1141 1233 1203 1300 de-

111 1354 234 1420 cimum
257 1357 447 1448 septimum,
472 1353 704 1449 quaerendum
725 1375 785 1438 cst,
811 1354 947 1450 quando
972 1357 1056 1424 haec
1076 1359 1201 1424 maiora
1227 1357 1228 1368 ’

111 1476 279 1546 celebrata
300 1477 424 1546 fuerint
437 1529 446 1560 ‚
469 1497 581 1545 utrum
610 1477 730 1548 eodem
754 1497 918 1573 tempore,
944 1505 986 1546 an
1009 1479 1087 1550 alio.
1128 1481 1202 1564 Qua

111 1601 153 1670 de
179 1627 219 1668 re
245 1629 349 1696 quum
373 1606 508 1672 nonnisi
533 1629 618 1672 unus
642 1605 755 1673 Procli
775 1599 806 1690 ⁵)
842 1603 935 1673 locus
962 1631 1023 1674 nos
1049 1606 1200 1687 edoceat,

113 1727 169 1819 qui
196 1751 236 1792 ea
260 1722 570 1822 Ἑκατομβαιῶνος
594 1721 702 1826 τρίτῃ
728 1723 904 1808 ἀπιόντος
931 1728 1098 1798 celeb'rata
1131 1753 1204 1796 esso

111 1847 215 1932 dicit,
241 1850 447 1919 confidamus
473 1877 611 1920 necesse
642 1873 693 1922 cst
717 1855 797 1922 huic
828 1855 1027 1922 testimonio.
1091 1854 1200 1938 Quem

112 1972 202 2040 diem
227 1974 397 2042 Meursius
422 1975 722 2054 Hecatombaeonis
748 1973 942 2046 vicesimum
966 1979 1102 2045 tertium
1128 2001 1202 2045 esse

110 2097 231 2180 refert,
268 2099 422 2166 nesciens
457 2125 523 2192 qua
556 2101 685 2168 ratione
708 2099 829 2168 Graeci
854 2103 1020 2167 mensium
1043 2099 1113 2168 dies
1140 2125 1205 2166 nu-

111 2245 240 2287 merare
264 2221 400 2290 soleant
462 2223 601 2291 Constat
626 2225 715 2291 enim
738 2223 886 2290 Graecos
912 2221 1100 2317 appellasse
1122 2222 1202 2289 ulti-

111 2370 199 2410 mum
228 2347 351 2412 mensis
377 2343 468 2412 diem
493 2335 552 2426 ἕνη
577 2341 639 2414 καὶ
663 2342 749 2430 νέα,
779 2346 1022 2442 paenultimum
1048 2337 1203 2436 δευτέρα

111 2463 285 2547 ἀπιόντος
333 2464 444 2560 μηνός
473 2463 529 2555 6),
575 2474 621 2539 ita
666 2458 705 2539 ut
744 2465 1054 2564 Ἑκατομβαιῶνος
1095 2461 1203 2564 τρίτη

113 2587 288 2673 ἀπιόντος
319 2597 361 2662 sit
398 2594 469 2662 dies
503 2596 603 2663 huius
635 2595 758 2662 mensis
783 2594 1030 2675 XXVIlImus,
1073 2594 1203 2687 quippe

114 2743 217 2811 quum
233 2717 506 2786 Hecatombaeon
532 2720 665 2811 triginta
682 2717 923 2812 complectatur
939 2718 1021 2786 dies.
1072 2717 1204 2785 Eodem

112 2841 213 2910 modo
246 2867 427 2936 perperam
455 2843 641 2910 numeravit
671 2841 857 2912 Dodvellus
877 2837 909 2932 7)
943 2843 1002 2934 qui
1034 2842 1132 2908 etiem
1166 2843 1203 2908 in

114 2965 215 3033 alium
254 2953 405 3033 errorem
436 2965 666 3032 Panathenaea
709 2983 916 3058 spectantem
950 2960 1107 3031 inductus
1138 2982 1204 3047 est,
1263 2941 1266 2948 Ι

114 3090 229 3156 dicens
263 3091 389 3157 maiora
422 3097 495 3158 acta
537 3113 609 3156 esse
641 3089 758 3181 viginti
791 3086 910 3155 diebus
944 3105 1019 3155 autc
1044 3086 1203 3182 Olympia

113 3215 133 3280 i.
159 3239 187 3280 e.
214 3213 486 3307 Scirophorionis
512 3213 568 3280 die
588 3214 766 3306 vigesimo,
802 3237 903 3306 quam
924 3213 1122 3279 sententiam
1146 3236 1203 3277 re·

114 3339 256 3404 ctissime
280 3336 508 3405 refutaverunt
528 3338 689 3405 Corsinus
708 3331 742 3428 8)
775 3355 808 3404 ct
833 3336 1020 3404 Boeclhius
1038 3333 1079 3422 9).
1142 3335 1202 3399 Ni-

115 3463 192 3530 titur
216 3463 308 3528 euim
332 3459 517 3529 Dodvellus
545 3459 622 3528 loco
651 3458 875 3553 Thucydideo
899 3456 961 3544 ¹⁰),
996 3482 1063 3554 quo
1094 3458 1199 3526 Athe-

162 3683 241 3746 5)1n
259 3681 326 3737 Plat.
345 3681 414 3731 Tim.
433 3699 461 3749 p.
479 3698 505 3750 9.

160 3773 190 3844 6)
209 3769 315 3822 Theod.
334 3769 405 3819 Gaza
421 3767 455 3819 de
474 3765 588 3819 mensib.
607 3783 630 3821 c.
654 3766 691 3820 15.

163 3867 191 3931 7)
209 3861 279 3916 Anu.
298 3857 383 3909 Thus.
405 3873 431 3924 p.
454 3872 510 3924 ¹7⁰·

164 3949 198 4010 8)
213 3946 241 3996 F.
260 3947 290 3998 Α.
311 3945 344 3995 11.
363 3961 390 4012 p.
409 3943 468 4011 3⁵9.
663 4008 665 4016 Ι

162 4035 191 4105 9)
213 4031 400 4084 Staatshaush.
419 4031 451 4080 11.
470 4045 498 4100 p.
521 4030 575 4083 166.
612 4026 793 4096 Corrigendus
819 4033 861 4077 est
878 4025 960 4093 igitur
981 4025 1056 4075 locut
1075 4023 1103 4078 in
1124 4024 1197 4076 cius-

209 4119 270 4170 dem
289 4118 320 4171 V.
337 4119 369 4170 D.
389 4117 459 4169 libro
482 4116 517 4168 de
536 4115 582 4172 Gr.
603 4124 669 4184 trag.
688 4114 774 4185 princ.
792 4130 820 4184 p.
837 4113 896 4165 203.

150 4208 190 4279 ιο)
209 4207 242 4261 v.
259 4210 300 4276 47.
