2920 4868
652 390 798 461 ...pn
852 425 896 440 ..

230 589 377 682 poribus¹
391 585 619 654 Panathenaea
646 603 758 654 vocata
783 611 855 654 esso
877 587 1048 654 Athenaea
1065 583 1112 672 ³),
1139 587 1233 680 quod
1255 613 1316 655 nu-

228 735 307 776 men
332 709 466 777 nonai)
492 709 588 789 urbe,
614 706 717 775 seda
743 709 805 776 deu
826 711 977 776 Minerva
1003 707 1222 777 derivandum
1244 735 1315 778 esse

226 853 330 930 puto,
365 855 434 898 nou
464 848 530 928 turn
557 829 699 900 confisus
724 832 912 900 testimonio
937 830 1084 898 Pollucis
1102 823 1134 921 l)
1170 834 1228 924 qui
1254 855 1317 924 po·

229 958 346 1024 sterius
372 971 497 1024 tantum
521 953 827 1020 Panathenaeorum
865 978 989 1020 nomen
1020 980 1039 1020 a
1071 955 1222 1020 Minerva
1257 952 1318 1022 de-

228 1078 366 1150 ductum
388 1103 459 1146 osse
485 1081 548 1160 ait,
589 1077 649 1145 sod
689 1080 767 1172 ipsa·
796 1081 925 1146 ratione
964 1081 1110 1172 mythico
1153 1103 1219 1170 qua
1249 1078 1316 1145 hoe

226 1201 347 1269 festum
368 1202 554 1268 institutum
580 1225 650 1267 esse
680 1199 812 1267 dicitnr.
872 1200 979 1269 Sicuti
1004 1202 1094 1270 enim
1119 1203 1214 1296 origo
1238 1201 1317 1294 plu-

225 1303 386 1392 rimarum
405 1323 661 1395 Atheniensium
698 1323 943 1396 institutionum
978 1347 1179 1416 morumque
1217 1347 1318 1415 prau-

228 1449 343 1514 sertim
369 1473 561 1529 sacrorum,
600 1445 642 1514 sd
683 1466 832 1540 tempora
869 1473 955 1541 quae
986 1448 1158 1514 historiam
1192 1464 1316 1513 certam

228 1571 445 1654 antecedunt,
478 1573 522 1640 its
546 1574 741 1666 reponitur,
785 1590 820 1638 ut
843 1563 880 1637 h'i
915 1569 967 1640 vel
993 1598 1012 1636 a
1037 1569 1101 1638 diis
1126 1571 1229 1662 ipsis,
1263 1569 1317 1638 vel

228 1698 270 1771 ab
297 1721 412 1764 norum
433 1697 575 1789 posteris
601 1697 742 1766 instituti
767 1720 838 1762 esse
864 1693 1030 1776 serantur,
1057 1695 1102 1764 itu
1129 1695 1228 1762 etiam
1254 1695 1316 1762 Pa-

228 1820 434 1900 nathenaea,
459 1819 580 1889 festum
605 1820 801 1898 maximum,
828 1818 869 1886 ub
895 1818 1133 1900 Erichthonio,
1148 1815 1314 1888 fabuloso
1394 1855 1399 1866 =

220 1915 289 2010 ¹illo
310 1942 439 2016 Atticae
456 1967 555 2034 rege,
582 1941 718 2012 condita
745 1967 816 2009 esse
832 1969 851 2008 a
872 1944 1094 2036 scriptoribus
1113 1943 1185 2010 lere
1207 1942 1316 2010 omni·

228 2067 292 2140 hus
316 2062 521 2150 tradituri),
544 2068 743 2176 quibuscum
767 2069 931 2136 consentit
951 2069 1101 2136 Mamor
1125 2067 1258 2134 Puriutn
1275 2057 1316 2153 ⁶).

231 2190 291 2260 Sin
316 2210 426 2260 autom
451 2191 716 2281 antiquissimum
753 2217 877 2260 nomon
891 2241 894 2249 -
909 2193 1080 2260 Athenaeo
1115 2190 1215 2260 tuisse
1251 2207 1317 2256 stu-

229 2316 343 2396 t'uitur,
369 2316 442 2406 quis
469 2314 551 2380 nlius
576 2315 642 2382 hoo
667 2338 791 2382 nomen
815 2315 899 2382 festo
924 2314 1028 2398 dedit,
1053 2318 1118 2383 nisi
1138 2316 1318 2383 Erichtho·-

229 2439 324 2518 nius,
364 2455 470 2506 torrae
495 2425 553 2503 ille
571 2437 685 2518 ¹lilius,
718 2462 820 2530 quem
844 2439 997 2518 Minerua
1021 2440 1200 2532 suscepit?
1251 2441 1319 2508 Ita-

233 2584 299 2652 que
325 2557 446 2654 ott-loci
472 2561 674 2653 scriptorum
692 2579 726 2627 et
740 2562 1009 2628 marnensium
1030 2563 1075 2630 ita
1100 2564 1319 2658 intelligenda

233 2700 327 2764 sunt,
376 2700 412 2748 ut
441 2681 698 2754 Erichthonium
727 2683 765 2756 id
803 2683 940 2768 festum,
981 2684 1076 2786 quod
1115 2690 1319 2782 scriptorum

260 2973 263 2978 ·
286 2951 315 3020 3)
332 2947 416 3001 lstrtu
433 2965 477 3017 ap.
494 2948 614 3019 Hurp.·s.
633 2966 658 3007 v.
675 2949 878 3016 Παναθήναια.
915 2950 989 3002 Suid.
1008 2969 1027 3003 s.
1047 2953 1073 3005 h.
1097 2969 1123 3008 v.
1150 2953 1225 3005 Paos.
1251 2955 1322 3010 vul.

339 3055 364 3090 π.
387 3057 408 3090 ι.
445 3037 542 3094 Omnia
563 3037 690 3090 feriarum
711 3038 874 3090 Graecarum
895 3041 1006 3092 nomina
1024 3039 1157 3092 adiectiva
1171 3049 1234 3098 suut
1251 3059 1319 3094 neu-

339 3125 531 3192 trius·generis
551 3142 662 3180 numero
681 3127 796 3194 plurali,
815 3126 915 3198 quibus
936 3126 1097 3182 subauditur
1114 3127 1187 3198 ἱερά,

288 3213 316 3280 n
333 3209 418 3280 11³7·
920 3203 925 3214 '

287 3301 315 3368 5)
334 3299 491 3358 Hellanicus
510 3306 538 3352 et
557 3299 707 3358 Androtion
736 3317 778 3368 ap.
805 3300 886 3370 Harp,
917 3299 935 3350 l.
954 3317 977 3356 c.
1002 3299 1099 3368 Hygin.
1129 3302 1155 3352 P.
1176 3301 1205 3352 A.
1222 3304 1256 3356 tt.
1283 3307 1320 3358 13.

231 3385 235 3400 ‘
338 3388 397 3438 Huc
415 3387 573 3440 referendus
605 3403 664 3438 esse
692 3386 798 3438 videtur
826 3387 900 3438 loeus
926 3387 1079 3438 Philochori
1105 3405 1146 3456 ap.
1167 3389 1256 3442 Schol.
1276 3393 1319 3440 Ar.

242 3463 249 3470 ⁸
337 3473 418 3543 Vesp.
438 3473 497 3540 542.
536 3474 692 3544 Φιλόχορος
719 3475 749 3527 δὲ
778 3475 809 3530 ἐν
833 3475 946 3545 δευτέρα
976 3473 1006 3534 ὃς
1030 3481 1131 3545 γεκαὶ
1153 3470 1201 3531 τὸν
1222 3485 1321 3529 καταϊ·

342 3560 427 3619 δόντα
445 3556 475 3618 τὸ
491 3562 626 3632 ἔθος(τοῦ
635 3566 838 3638 θαλλοφορεῑν)
853 3562 1029 3636 Ἐριχθόνιον
1048 3569 1218 3629 συνίστησιν.
1246 3564 1321 3632 Quid

249 3689 254 3694 .
340 3648 472 3702 hocloco
491 3649 756 3703 sibivelitverbum
778 3652 923 3722 καθορᾶν.
952 3669 1007 3702 uon
1028 3651 1128 3714 video,
1157 3669 1239 3720 quum
1259 3668 1319 3702 sen-

340 3754 399 3788 sum
418 3755 476 3788 esse
494 3747 637 3806 appareat:
667 3740 858 3792 Erichthonius
884 3755 917 3789 ex
934 3739 1022 3790 verbis
1042 3738 1194 3790 Philochori
1217 3755 1319 3792 morem

340 3824 449 3878 frondes
468 3826 605 3893 oleaginus
627 3828 737 3894 gerendi
756 3828 886 3888 instituit,
903 3843 917 3877 n
932 3844 987 3895 quo
1005 3843 1085 3878 sensu
1105 3827 1216 3892 yerbum
1233 3833 1320 3882 καθο-

243 3949 246 3954 .
338 3911 392 3985 ρᾶν
420 3912 512 3982 plane·
528 3912 661 3969 dissentit.
707 3917 800 3985 ltaque
828 3914 973 3983 legendum
997 3931 1056 3967 esse
1085 3930 1201 3968 conseo:
1235 3934 1319 3970 κατα-

337 4004 433 4054 ww.

286 4091 314 4157 6)
333 4089 380 4156 Ep.
405 4085 539 4156 su-lip
560 4089 578 4138 ⁶
596 4087 740 4154 legendum
761 4104 820 4142 esso
840 4089 1033 4157 Πανελλήνια,
1051 4073 1107 4144 non
1124 4088 1318 4158 Παναθήναια

303 4245 307 4254 Ι
335 4184 407 4234 secte
425 4176 522 4236 statuit
542 4175 703 4236 Bueckhius.
782 4219 786 4228 .
1060 4193 1065 4206 ·
