2906 4882
680 399 745 462 -“
783 415 851 482 rou
901 447 951 465 -

270 606 352 687 sert,
393 633 497 700 quum
523 605 755 700 Hipparchum
780 609 868 674 iuter
898 610 984 674 cives
1020 626 1053 674 et
1090 609 1219 701 equites
1245 609 1347 676 Athe-

269 732 424 811 nienses,
458 731 516 823 qui
542 731 579 816 in
603 753 729 823 pompa
754 731 997 797 Panathenaicis
1022 735 1151 796 armati
1173 755 1347 824 processe-

268 855 347 934 rint,
373 855 414 920 ab
441 849 623 920 Harmodio
648 871 681 920 et
708 854 934 947 Aristogitone
959 853 1173 920 intersectum
1198 880 1274 921 esse
1301 853 1348 920 di-

271 979 325 1044 cit.
374 978 481 1044 Nemo
517 994 629 1044 tamen
654 978 858 1070 scriptorum
892 978 961 1044 eius
995 1003 1114 1046 scenae
1144 980 1347 1047 mentionem

271 1101 372 1183 lacit,
423 1125 509 1194 quae
542 1101 641 1168 nobis
677 1099 874 1194 Zophorum
912 1100 1206 1194 septentrionalem
1241 1104 1346 1169 orien-

271 1241 340 1290 tem
374 1247 487 1294 versus
524 1224 806 1317 prosequentibus
841 1225 996 1292 occurrit
1063 1223 1149 1290 Nam
1186 1226 1290 1292 etiam
1326 1222 1359 1289 ii'

272 1347 404 1440 aurigae
443 1366 476 1414 et
506 1347 667 1440 apobatae
701 1348 761 1440 qui
792 1345 906 1440 paullo
933 1364 1009 1413 ante
1033 1347 1197 1430 vicerant,
1231 1349 1270 1413 in
1291 1348 1348 1414 hac

273 1496 401 1565 pompa
427 1489 598 1564 apparent.
651 1468 781 1564 Singuli
806 1471 896 1536 enim
922 1495 1050 1552 currus,
1077 1489 1235 1563 quattuor
1260 1472 1350 1564 equis

277 1596 404 1674 iuncti,
437 1596 497 1688 qui
528 1595 679 1688 equitum
702 1618 863 1687 pompam
886 1592 1097 1688 praecedunt
1113 1589 1161 1678 3),
1189 1621 1209 1660 a
1232 1593 1351 1660 semina

277 1715 423 1810 quadam
449 1733 620 1810 reguntur.
682 1716 795 1810 Atque
826 1718 976 1784 habenae
1011 1714 1150 1812 quidem
1179 1743 1263 1810 quas
1292 1717 1351 1783 hae
1422 1788 1423 1814 q

276 1839 418 1906 feminac
446 1841 597 1907 manibus
623 1838 793 1921 tenebant,
814 1863 884 1908 non
901 1841 1010 1907 minus
1024 1864 1145 1906 aureae
1167 1839 1220 1908 vel
1233 1865 1352 1908 aeneae
1423 1894 1424 1898 ,

278 1982 392 2043 erant,
429 1987 529 2056 quam
554 1963 677 2056 quibus
705 1963 833 2055 equites
866 1986 971 2056 equos
995 1964 1168 2056 regebant.
1218 1964 1259 2028 ln
1284 1966 1425 2057 qni-1

277 2088 341 2154 hus
383 2085 504 2154 tabulis
539 2087 735 2153 marmoreis
777 2087 1001 2179 conspicimus
1042 2087 1143 2154 etiam
1187 2087 1355 2154 hominem
1425 2102 1426 2128 ¹

279 2209 471 2304 palliatum,
501 2209 704 2303 plerumque
730 2231 821 2302 pone
846 2233 952 2302 equos
978 2225 1137 2292 stantem,
1165 2211 1224 2302 qui
1249 2223 1357 2277 utrum
1426 2208 1427 2234 ¹

281 2338 324 2402 sit
348 2332 547 2414 athlotheta‚
574 2358 616 2398 an
638 2332 868 2426 hipparchus,
894 2357 937 2398 au
961 2357 1083 2432 praeco
1111 2331 1270 2426 equidem
1293 2357 1358 2400 non

282 2456 556 2538 diiudicaverim,
578 2458 788 2550 praesertim
823 2479 928 2548 quum
948 2455 985 2522 hi
1009 2457 1071 2524 viri
1096 2455 1141 2522 ad
1165 2481 1281 2524 scenas
1302 2458 1357 2523 has
1428 2497 1429 2502 κ

282 2577 518 2672 intelligendas
543 2580 683 2646 minoris
713 2579 882 2646 momenti
910 2603 981 2646 esse
1009 2577 1194 2646 videantur.
1244 2579 1300 2647 Ad
1319 2579 1358 2646 il-

283 2701 391 2768 larum
422 2719 533 2768 autem
562 2699 762 2768 feminarum
793 2699 918 2768 laevam
952 2703 1176 2796 conspicimus
1210 2704 1357 2798 figuram,

284 2849 386 2918 quam
411 2825 588 2918 apobatam
610 2849 684 2891 esse
711 2849 751 2892 cx
776 2825 997 2919 inscriptione
1023 2825 1082 2892 illa
1101 2826 1358 2920 Peysonneliana

285 2952 362 3018 satis
389 2947 516 3033 elucet3
541 2973 610 3043 qua
625 2946 764 3043 quidem
783 2949 820 3014 in
841 2973 880 3014 re
905 2950 1097 3042 quicunque
1115 2950 1203 3016 hanc
1215 2950 1360 3042 Zophori

283 3091 414 3168 partem
439 3089 639 3155 tractarunt,
656 3076 775 3140 'unum
797 3069 958 3164 idemque
983 3073 1137 3140 sentiunt
1196 3075 1262 3157 Qui
1284 3097 1361 3166 apo-

287 3197 385 3264 batae
411 3196 504 3289 galea
530 3213 565 3263 et
587 3195 693 3263 lorica
717 3193 828 3262 induti
841 3196 963 3288 partim
988 3205 1024 3264 in
1046 3221 1147 3263 curru
1167 3215 1262 3278 stant,
1287 3221 1363 3290 pan

287 3320 347 3400 tim
370 3322 407 3386 in
432 3345 508 3386 eum
533 3317 749 3388 insccudunt.

387 3441 457 3512 Sed
497 3465 662 3536 quaenam
701 3459 751 3508 est
785 3439 909 3510 femina
947 3440 1005 3509 illa
1043 3465 1179 3507 currum
1217 3439 1364 3532 regens?

291 3647 443 3659 „-
458 3645 578 3657 ..----04

344 3747 371 3813 3)
389 3746 478 3816 Quam
495 3761 622 3798 curruum
640 3747 735 3798 seriem
756 3744 932 3814 conspicimus
951 3745 980 3796 in
997 3741 1097 3795 tabulis
1117 3744 1281 3804 marmoreis,
1299 3758 1365 3811 qnae

390 3833 486 3902 purtim
503 3834 532 3884 in
550 3835 621 3886 Mus·
638 3834 702 3891 orit.
720 3833 865 3901 (ao-32)
887 3839 1007 3892 exstant,
1033 3831 1129 3899 partim
1148 3847 1164 3880 e
1182 3830 1284 3881 tabulis
1303 3831 1364 3882 Car-

389 3918 487 3968 reiauis
505 3917 578 3987 apud
597 3919 696 3972 Stuart.
717 3919 791 3968 Fasc.
813 3919 882 3978 XXI,
899 3919 979 3970 6-8.
1007 3925 1035 3968 et
1054 3916 1128 3986 apud
1146 3919 1311 3968 Leuormant
1331 3915 1365 3984 pl.

395 4005 441 4065 tv,
458 4007 538 4072 a-d,
555 4005 597 4066 V,
619 4022 650 4070 t„
668 4003 767 4074 quibus
785 4002 911 4058 addenda
931 4011 971 4054 est
988 4003 1082 4054 tabula
1100 4021 1190 4054 mama.
1209 4019 1281 4054 anno
1305 4003 1366 4056 1833

392 4098 507 4160 reperta,
525 4091 603 4142 simili
622 4107 650 4145 re
669 4098 782 4156 ornata,
811 4087 845 4142 de
866 4104 921 4161 qua
939 4089 974 4144 cf.
993 4090 1106 4147 outtett.
1126 4088 1192 4142 dell’
1209 4091 1275 4142 inst.
1299 4085 1368 4145 arch.

395 4178 461 4234 1833
481 4194 508 4248 p.
535 4180 590 4249 ¹4¹·
