2906 4882
663 421 909 494 ..80-

234 611 334 698 =Qnin
359 613 456 682 etiam
482 639 522 682 cx
547 613 820 707 inscriptionibus
855 616 958 686 series
990 616 1146 713 ordoque
1172 615 1332 687 ludorum

241 739 473 830 gymnicorum
498 755 565 804 tam
590 755 742 806 accurate
782 741 939 834 cognosci
968 759 1098 836 potest,
1135 761 1173 811 ut
1196 743 1242 810 de
1270 743 1335 811 hac

241 885 279 928 re
305 883 517 956 nequaquam
537 863 573 926 in
598 862 727 929 incerto
753 863 863 930 simus.

185 982 193 1010 i
264 1020 267 1040 ·
341 984 429 1052 Ludi
456 985 545 1052 enim
569 983 727 1052 funebres
753 984 789 1051 in
812 984 977 1053 bonorem
1001 985 1146 1056 Patrocli
1179 987 1335 1057 defuncti

240 1107 382 1176 instituti
402 1101 433 1199 ²)
458 1133 478 1174 a
501 1133 600 1176 cursu
621 1109 770 1212 equestri
791 1109 922 1176 initium
936 1110 1080 1202 capiunt,
1106 1107 1168 1178 scd
1192 1113 1230 1180 in
1258 1135 1336 1179 ccr-

238 1232 417 1298 taminibus
443 1231 693 1299 Panathenaicis
720 1255 790 1299 non
813 1233 923 1300 minus
950 1259 1051 1326 quam
1083 1235 1119 1300 in
1153 1233 1334 1330 plerisque
1428 1277 1432 1290 ·

168 1357 173 1364 ’
237 1357 372 1423 Graccis
399 1357 546 1449 primum
569 1353 717 1450 pedibus
741 1373 902 1424 certatum
916 1381 998 1438 esse,
1021 1382 1062 1424 es
1088 1345 1221 1425 duobus
1248 1360 1331 1426 titu-

235 1478 276 1545 lis
295 1473 343 1564 ³),
383 1503 528 1573 quorum
564 1478 648 1546 alter
684 1478 776 1574 apud
810 1481 945 1548 Thebas
983 1498 1162 1574 repertus,
1197 1481 1331 1550 altera

235 1601 406 1671 Bocckhio
441 1603 485 1670 ob
518 1601 769 1670 similitudinem
809 1602 943 1670 alterius
973 1605 1137 1672 boeoticis
1176 1603 1330 1672 adiectus

235 1744 300 1808 est,
325 1744 474 1820 apparet.
530 1725 664 1793 Etenim
689 1750 730 1791 ex
754 1725 971 1818 inscriptione
993 1727 1261 1819 Pcysonneliuna
1279 1719 1326 1815 i),

234 1871 334 1943 quom
346 1850 474 1917 Atticos
495 1871 619 1942 eosque
633 1845 894 1916 Panathenaicus
916 1847 1013 1917 ludos
1037 1851 1211 1918 continere
1229 1871 1326 1925 recte

233 1973 345 2040 statuit
368 1971 554 2040 Boeclthius
568 2021 579 2054 ,
612 1971 689 2038 satis
725 1971 796 2038 veri
828 1971 935 2040 simile
966 1989 1035 2055 cst,
1074 1972 1151 2040 illos
1184 1999 1327 2070 quoque

232 2095 344 2164 titulos
370 2095 412 2162 ab
438 2093 568 2163 editore
599 2093 781 2163 clarissimo
806 2094 970 2162 boeoticis
996 2093 1257 2178 adnumeratos,
1281 2096 1328 2165 ad

230 2218 472 2288 Panathenaica
497 2219 676 2286 certamina
699 2216 895 2287 referendos
921 2242 1002 2286 esse.
1067 2221 1140 2302 Qua
1168 2221 1206 2288 in
1230 2245 1270 2289 re
1295 2222 1326 2288 is

228 2341 316 2414 urdo
351 2342 554 2423 tenebatur,
591 2358 628 2409 ut
660 2342 807 2434 primum
835 2338 910 2420 ,ludi
950 2341 1208 2436 quibuscunque
1243 2344 1327 2438 equi

228 2491 299 2534 non
334 2465 605 2547 adhibebantur,
650 2465 769 2543 tumii
798 2463 835 2530 in
865 2463 987 2557 quibus
1036 2466 1130 2558 equis
1172 2467 1329 2534 certaba-

229 2607 301 2671 tur,
325 2587 538 2656 haberentur.
588 2587 700 2680 Atque
721 2587 758 2652 in
785 2584 851 2652 illis
878 2585 1016 2679 quidem
1039 2589 1188 2679 primum
1210 2589 1324 2684 pueri,

229 2735 314 2807 quos
334 2736 409 2779 non
433 2709 476 2777 ad
502 2710 612 2780 omnia
629 2707 795 2776 ‘ludorum
813 2733 934 2802 genera
960 2708 1119 2780 admissos
1145 2735 1221 2780 csse
1238 2739 1324 2782 cou-

229 2854 292 2904 stat
304 2887 314 2918 ,
339 2853 409 2905 tum
435 2833 664 2903 adolescentes
692 2825 894 2924 (α’γένειοι),
928 2829 1076 2926 denique
1099 2834 1162 2902 viri
1191 2836 1229 2902 in
1251 2863 1319 2929 pu.

227 2960 354 3028 blicum
376 2957 567 3053 prodibant
632 2956 751 3049 Neque
776 2979 855 3023 vero
887 2953 994 3022 ullum
1018 2980 1074 3024 vas
1098 2945 1324 3028 Penadreuai-

230 3108 306 3152 cum
329 3105 453 3175 pueros
479 3105 578 3148 cursu
604 3097 767 3148 certantes
792 3077 889 3144 nobis
917 3075 1027 3158 offert,
1053 3076 1114 3146 sed
1140 3082 1230 3148 viros
1248 3101 1321 3152 tan-

227 3225 298 3275 tum
322 3204 479 3272 barbatos
510 3202 753 3296 conspicimus,
788 3201 847 3292 qui
879 3200 1014 3268 incitato
1037 3225 1137 3268 cursu
1170 3223 1320 3292 certant3

229 3357 269 3400 ex
294 3355 360 3424 qua
388 3326 526 3423 quidem
550 3349 587 3392 re
601 3324 737 3390 minime
764 3323 923 3415 sequitur,
948 3335 1070 3415 pueros
1097 3348 1136 3391 co
1165 3342 1320 3421 ternpore

230 3478 297 3549 quo
330 3454 414 3522 haec
452 3475 528 3518 vasa
556 3445 853 3526 conficiebantur,
891 3445 988 3512 huius
1024 3471 1138 3523 cursus
1163 3450 1321 3521 noudum

226 3578 406 3673 participes
432 3575 552 3658 fuisse3
594 3572 695 3638 immo
730 3569 840 3662 potius
881 3593 921 3636 ex
958 3570 1067 3637 verbis
1090 3564 1317 3640 ΣΤΑΔΙΟΝ

123 3781 124 3784 ¹
226 3694 463 3770 ΑΝΔΡΟΝ
487 3695 629 3777 NIKH,
663 3693 783 3788 quibus
814 3717 868 3762 vas
899 3693 1178 3762 Panathenaicum
1203 3697 1315 3767 Musei

230 3861 502 3885 ...μ-...-

280 3985 308 4056 s)
326 3981 403 4034 Hom.
422 3978 453 4032 11.
471 3977 566 4032 xxm.
584 3977 645 4029 26².
664 3989 722 4044 sqq.

277 4073 305 4141 ³)
324 4070 354 4126 C.
374 4071 393 4120 Ι.
412 4085 438 4118 n.
461 4069 535 4134 1590.
558 4067 631 4134 ¹⁵9¹·

276 4157 304 4228 4)
323 4155 411 4226 Quam
427 4151 498 4230 ipssa
514 4149 640 4232 pluribus
659 4141 917 4198 commemorandam
936 4139 1022 4195 edidit
1030 4137 1180 4194 Bocckhius
1198 4141 1229 4193 in
1243 4141 1314 4194 dnn.

331 4242 395 4295 dsll’
413 4242 479 4298 lust.
503 4245 576 4310 1829.
593 4255 622 4310 p.
645 4235 701 4293 155.
721 4249 780 4304 sqq.
