2906 4882
533 409 799 478 ...129—

128 597 175 666 ad
207 599 402 670 inferiorem
433 601 583 695 corporis
621 619 750 694 partein
790 599 966 694 delapsum
992 621 1058 683 est,
1090 603 1207 670 'Iovem

128 747 202 792 esse
235 742 268 790 et
295 722 433 816 quidem
468 725 580 795 Iorent
606 719 838 818 Πολιοῦχονς
873 749 950 792 riam
984 745 1119 820 praeter
1144 729 1210 794 Mi«

126 872 266 922 nervam
293 845 383 916 solus
410 848 537 940 Iupiter
563 848 703 917 Athenis
730 845 939 942 Πολιοῦχος
971 848 1026 916 vel
1045 845 1208 926 Πολιεύς

128 970 314 1042 colebatur.
359 973 490 1064 Prope
521 971 635 1042 lovem
667 970 874 1064 alteramque
909 972 1048 1066 liguram
1083 973 1209 1040 seden-

129 1115 201 1164 tem
228 1121 329 1190 quam
355 1095 520 1166 Iunonem
552 1120 626 1163 ease
658 1119 774 1164 omncs
811 1120 876 1164 unc
910 1120 969 1170 ore
1003 1097 1213 1165 contendunt

127 1217 282 1289 videmus
326 1236 465 1292 stantem
501 1217 658 1290 seminum
700 1217 839 1299 alatam,
884 1245 986 1313 quam
1022 1219 1211 1288 Muellerus

120 1333 243 1416 nescio
272 1367 338 1436 quc
360 1344 435 1410 iure
461 1343 584 1410 Heben
608 1360 722 1424 vocat,
759 1343 886 1438 quippe
921 1369 1008 1438 quaa
1038 1335 1080 1412 'in
1106 1360 1213 1412 totum

127 1466 353 1536 Parthencuis
388 1466 584 1560 Zoplrcnmt
626 1467 762 1536 cumino
799 1490 869 1534 non
903 1464 1007 1534 cadat.
1074 1467 1210 1536 Rectius

128 1592 231 1686 igitur
255 1590 460 1660 Lenormant
485 1590 669 1660 Victoriam
704 1613 777 1660 aaut
804 1589 974 1684 appellat,
1009 1615 1096 1686 qnae
1134 1617 1211 1660 cum

126 1715 304 1788 Minervae
337 1711 428 1790 culm
451 1713 563 1783 Attico
593 1731 660 1786 tam
692 1731 785 1784 arete
825 1714 1010 1798 cohaeret,
1052 1733 1089 1782 ut
1124 1716 1211 1784 haee

60 1859 62 1866 ·
130 1837 198 1904 dea
230 1839 303 1930 ipsa
339 1862 442 1930 saepe
477 1839 539 1906 sub
564 1839 734 1908 Victoriae
769 1838 888 1910 sonna,
908 1807 1093 1932 appareat¹
1137 1841 1213 1910 Hce

129 1979 242 2030 autem
268 1959 344 2032 loeo
370 1961 521 2030 Victoria
548 1961 646 2028 etiam
671 1963 844 2030 Mineruae
869 1964 1042 2030 victoriam
1067 1990 1086 2030 a
1115 1966 1212 2056 Nep-

129 2103 210 2156 tuno
237 2102 443 2178 reportatam
468 2085 643 2178 respicere
669 2083 803 2154 videtur
821 2081 879 2170 α3).

232 2193 370 2276 Restant
391 2207 478 2276 duae
509 2208 650 2276 deorum
675 2209 800 2302 figurae
834 2234 920 2302 quae
948 2233 965 2276 a
991 2206 1132 2302 reliquis
1158 2234 1214 2276 se-

128 2331 263 2400 iunctae
300 2329 429 2402 sedent.
483 2335 576 2417 ‚Quas
612 2331 708 2400 multi
741 2333 972 2426 interpretes,
1006 2331 1097 2398 iuter
1128 2357 1212 2426 quos

129 2452 329 2534 Muellerus,
354 2455 594 2552 Aesculapium
620 2473 653 2523 et
679 2456 830 2549 Hygeam
857 2479 931 2524 esse
956 2471 1084 2548 putant.
1140 2456 1212 2524 Sed

133 2603 238 2672 quum
263 2579 437 2672 utriusque
474 2579 579 2649 cultus
613 2605 681 2648 non
714 2581 758 2648 ita
789 2580 900 2672 magni
935 2597 1022 2646 esset
1047 2583 1212 2648 momenti

132 2702 170 2770 in
193 2718 282 2772 terra
307 2701 426 2784 Attica,
448 2705 571 2770 mirum
598 2722 703 2786 esset,
735 2704 763 2770 si
788 2703 906 2770 artilex
927 2703 989 2770 hos
1011 2701 1095 2770 deos
1115 2729 1133 2770 a
1157 2730 1213 2771 re·
1303 2725 1306 2738 ·

131 2823 235 2918 liquis
258 2827 424 2896 seiunctos
450 2826 648 2907 effinxisset,
681 2827 878 2917 praesertim
907 2850 1013 2918 quum
1043 2827 1097 2893 vix
1120 2828 1212 2918 quis·
1281 2823 1283 2832 '

134 2973 237 3048 quatu
259 2947 449 3042 intelligere
476 2951 591 3043 possit,
615 2947 785 3042 quomodo
810 2947 1043 3015 Panathenaea
1068 2947 1120 3016 vel
1145 2951 1213 3017 Mi-
1268 3029 1272 3037 A

133 3097 273 3138 nervam
296 3071 473 3142 Peliadem
497 3075 666 3168 attingant.
710 3074 782 3156 Qua
810 3096 923 3140 caussa
949 3069 1124 3154 adductus,
1146 3073 1214 3138 Le·

134 3213 293 3264 ncrutant
327 3221 383 3266 eos
408 3195 609 3266 Vulcanum'
635 3213 667 3262 et
691 3197 878 3266 Minervam
903 3192 1122 3288 (Operosaui)
1151 3222 1214 3264 vvc-

138 3335 207 3396 rat,
244 3344 326 3410 quos
352 3322 505 3413 speeiem*
523 3317 719 3412 Aesculapii
743 3339 776 3388 et
801 3320 938 3412 Hygeae
966 3319 1116 3386 induisse
1141 3321 1214 3413 ipse

140 3440 303 3512 coneedit.
342 3441 431 3512 Illud
459 3442 596 3535 quidem
621 3459 733 3526 recte3
759 3444 793 3510 in
819 3443 884 3508 hcc
907 3467 985 3511 vero
1010 3442 1214 3522 falsantem

138 3561 232 3658 (prod
258 3565 432 3636 contendit
453 3545 514 3633 lios
549 3564 630 3633 deos
665 3565 768 3634 latere
795 3566 856 3631 sub
892 3566 998 3634 forma
1023 3566 1214 3660 Aesculapii

137 3706 172 3754 et
189 3688 335 3780 Hygeae,
361 3706 430 3756 tum
455 3687 547 3782 quod
563 3687 706 3756 Vulcani
733 3688 1001 3758 erura'iuroluta
1028 3691 1097 3757 cius
1124 3688 1215 3758 clau-

139 3809 276 3880 ditatem
302 3810 465 3878 subtiliter
494 3829 527 3877 et
555 3813 724 3906 ingeniose
750 3813 891 3879 inuuere
918 3811 1035 3882 credit.
1092 3815 1214 3908 Neque

137 4010 334 4022 ”nau—u-

77 4108 84 4132 i
174 4123 221 4195 aa)
240 4123 356 4178 Eandem
378 4127 448 4178 euim
466 4095 530 4187 rein,
550 4135 579 4182 ut
597 4125 664 4178 mihi
683 4123 793 4194 <pridem
813 4123 928 4187 ridetur,
948 4126 1082 4194 siguificat
1096 4127 1216 4181 Victoria

238 4211 264 4262 iu
285 4229 345 4264 ruse
365 4214 431 4266 lllua
452 4213 532 4266 Prius.
555 4216 617 4266 Cau.
637 4231 717 4283 supra
738 4215 809 4283 (cup.
832 4215 866 4270 ll.
885 4221 940 4284 act.
966 4212 1018 4282 tu)
1037 4213 1181 4282 tusrriptc.

971 4324 994 4391 9
