2920 4868
555 439 776 507 ..9-

127 635 300 725 respicere
328 632 450 714 debet,
475 635 520 700 ita
546 636 643 700 etiam
669 633 873 700 Graecarum
898 633 1128 727 antiquitatum
1148 661 1218 703 ma-

129 757 227 822 xima.
249 775 327 848 pars
365 759 442 824 artis
469 758 693 825 monumentis
728 753 927 824 illustranda
970 781 1043 824 esse
1075 759 1215 827 videtur}

130 882 268 962 Quare
295 879 334 946 i'd
366 880 687 974 minime‘negatur‚
731 881 765 945 in
806 903 940 972 quaque
977 879 1217 976 disceptatione

130 1004 278 1096 primum
315 1000 496 1096 quideme
522 1003 742 1096 scriptoribus
780 1000 873 1069 locos
911 1001 1097 1073 afferendos
1137 1029 1218 1085 esse,

133 1128 190 1219 qui
228 1124 282 1193 vel
314 1127 422 1220 ipsam
454 1149 527 1219 rem
559 1127 656 1192 nobis
686 1122 921 1218 suppeditant,
957 1126 1010 1193 vel
1036 1128 1154 1195 similia
1180 1151 1219 1194 eo

113 1248 234 1317 ‘modo
261 1250 444 1340 attingtmt,
470 1264 507 1312 ut
531 1246 574 1313 de
600 1245 658 1313 illa
681 1245 784 1314 multa
805 1248 972 1313 coniicere
989 1249 1087 1316 nobis
1112 1249 1219 1318 liceat

136 1371 372 1457 Quaerendum
396 1390 446 1440 ost
471 1387 578 1438 autem
592 1421 602 1452 ,
628 1387 740 1437 utrum
766 1389 799 1436 et
819 1369 886 1436 loci
907 1371 994 1438 inter
1021 1392 1114 1440 sect
1139 1397 1221 1440 con-

134 1500 279 1588 iecturae
306 1519 383 1562 cum
407 1493 490 1562 locis
517 1494 743 1574 consentiant,
782 1493 888 1560 itaut
919 1517 958 1559 cx
985 1497 1134 1589 utrisque
1159 1521 1219 1562 na-

135 1638 206 1686 tura
233 1639 332 1712 atque
359 1616 490 1688 indoles
526 1617 625 1684 totius
652 1619 701 1682 rei
728 1618 862 1684 oriatur.
925 1617 1017 1686 Nihil
1050 1622 1140 1686 enim
1169 1622 1222 1686 in-

137 1741 334 1834 telligimus,
372 1743 437 1809 nisi
463 1743 513 1808 rei
546 1740 794 1808 continuatione
826 1744 981 1835 serieque
1012 1737 1057 1810 ita
1083 1728 1223 1812 denton-

137 1883 253 1945 strata,
277 1857 334 1933 'ut
355 1863 417 1931 alia
458 1889 498 1932 ex
532 1864 608 1939 ,aliis
633 1889 717 1932 nexa
753 1883 786 1932 et
815 1869 926 1933 omnia
965 1869 1053 1935 inter
1086 1893 1121 1936 se
1145 1887 1221 1964 apta

141 1987 319 2055 rideantur.
368 1985 425 2056 Ad
450 2013 549 2081 quam
576 2013 690 2054 rerum
716 2005 864 2056 caussam
893 2009 985 2059 recte
1011 1993 1223 2084 perspicien-

140 2108 210 2177 dam
234 2113 271 2178 in
296 2111 415 2178 ritihus
446 2113 547 2177 sacris
581 2110 761 2177 tractandis
799 2115 976 2205 pervenire
1010 2137 1079 2182 non
1104 2139 1224 2208 possu-

135 2257 230 2315 mus,
255 2233 322 2300 nisi
347 2239 423 2302 cum
449 2219 651 2328 scriptorum
673 2233 756 2302 locis
782 2253 995 2301 monumenta
1022 2239 1109 2317 artis,
1137 2261 1222 2328 quae

134 2376 278 2438 exstant,
301 2349 544 2449 comparantur.
597 2356 687 2442 Quid
713 2358 820 2438 enim,
844 2375 880 2423 ut
906 2356 1058 2449 exempla
1080 2357 1222 2438 afferam,

132 2483 309 2574 imaginem
350 2479 612 2548 adolescentium
645 2503 806 2574 pompam
837 2477 960 2546 Bacchi
996 2482 1223 2548 comitantium

131 2604 230 2672 nobis
259 2603 415 2696 praebet,
452 2603 534 2696 quid
560 2615 627 2670 ta'm
653 2620 805 2670 accurate
832 2601 875 2670 de
896 2603 1027 2672 inferiis
1053 2603 1243 2672 libationis

132 2729 264 2820 busque
290 2749 351 2793 nos
378 2724 551 2804 admonet,
580 2749 680 2817 quam
704 2749 779 2792 vasa
801 2724 934 2808 fictilia,
968 2725 1051 2820 quid
1073 2724 1220 2819 denique

92 2821 94 2833 Ι
134 2849 375 2918 sacrificiorum
398 2848 614 2913 caerimonias
639 2866 705 2914 tam
740 2867 855 2942 aperte
893 2849 936 2915 oh
972 2845 1088 2915 oeulos
1124 2849 1222 2916 uobis

131 2974 247 3066 ponit,
272 2995 373 3065 quam
397 2969 583 3065 anaglypha
608 2969 759 3039 Graeca?
808 2974 960 3064 Apparet
980 2972 1091 3063 igitur,
1116 2979 1223 3064 quao-

133 3115 201 3164 tam
234 3093 409 3164 utilitatem
441 3114 474 3163 et
506 3094 626 3162 fabulis
663 3094 804 3164 deorum
840 3097 922 3188 ipsis
957 3075 1163 3190 eiplicaudis
1190 3084 1223 3162 el

131 3217 341 3286 caerimoniis
381 3217 589 3285 Graecorum
630 3214 856 3309 intelligendis
894 3236 1108 3286 monumenta
1145 3221 1222 3285 artis

106 3365 109 3374 ·
134 3342 313 3421 afferant,l
331 3341 377 3408 ita
402 3361 438 3410 ut
461 3367 579 3435 magna
605 3366 758 3408 vasorum
781 3340 998 3408 Volcentium
1024 3344 1121 3434 copia
1152 3321 1223 3408 non

130 3468 242 3532 minus
269 3463 313 3530 ad
343 3467 552 3559 antiquitates
584 3490 692 3534 sacras
726 3489 826 3559 quam
869 3461 912 3530 ad
943 3464 1115 3531 historiam
1143 3465 1221 3530 artis

111 3567 112 3574 ἵ
131 3587 364 3682 explicandam
383 3591 516 3656 maximi
538 3590 580 3656 sit
602 3588 771 3654 momenti.
822 3585 1016 3655 Dolendum
1034 3605 1222 3670 astantem,

136 3713 230 3805 quod
254 3713 338 3780 haec
365 3714 461 3805 copia
485 3713 551 3777 iam
577 3729 651 3778 ante
673 3709 734 3777 hos
751 3727 827 3777 octo
853 3734 957 3776 annos
983 3711 1118 3780 inventa
1136 3733 1221 3774 non-

135 3832 217 3900 dum
242 3837 403 3902 maiorem
440 3835 474 3900 in
502 3835 711 3926 antiquitates
746 3833 995 3926 cognoscendas
1029 3835 1096 3900 vim
1128 3857 1223 3898 exer·
1248 3821 1253 3824 ’

134 3961 219 4040 cuit,
259 3962 352 4026 cuins
377 3960 429 4026 rei
453 3957 489 4023 id
515 3937 654 4023 maxime
681 3958 715 4022 in
743 3955 842 4050 culpa
868 3981 947 4022 esse·
972 3937 1110 4023 videtur
1129 3953 1222 4048 quod

136 4109 243 4175 pauca
266 4101 391 4151 tantum
424 4083 544 4149 horum
580 4105 732 4148 vasorum
767 4079 854 4147 edita
880 4099 1039 4174 recteque
1063 4077 1224 4146 illustrata
1274 4117 1278 4124 ·

137 4226 221 4276 sunt.
