2906 4882
642 412 911 478 -102-

333 611 462 697 Pompo
489 604 734 670 Panathenaico
760 605 893 699 qualem
919 608 984 674 hoc
1010 610 1089 674 artis
1115 631 1315 676 monomen-

235 750 305 801 tnur
328 731 435 812 ,nohis
474 726 642 805 ostendit,
684 729 815 796 initium
850 732 940 822 capit
971 733 1039 801 sive
1070 735 1182 824 potius
1214 733 1318 800 finem

235 854 338 919 hahet
370 878 474 946 supra
500 851 721 920 Parthenunis
754 853 1040 946 Opisthodomum
1065 857 1086 920 i.
1119 881 1148 922 e.
1181 859 1217 922 in
1250 858 1319 924 Zo-

236 977 346 1072 phoro
390 973 611 1055 occidentah,
658 991 762 1068 quum
792 977 903 1072 ipsam
936 975 1053 1071 templi
1096 997 1229 1072 portam
1273 981 1320 1050 ad

233 1103 397 1170 orientem
423 1117 591 1192 spectasse
617 1101 693 1168 setis
718 1117 833 1170 uotum
861 1102 911 1172 sit
950 1102 1192 1170 Prime'autem
1208 1103 1318 1196 figura

235 1249 340 1324 quum
378 1226 413 1294 in
450 1223 517 1294 hoc
551 1220 657 1290 latere
695 1239 881 1293 extremum
919 1222 1033 1294 locum
1072 1229 1320 1318 septentriones

237 1355 353 1415 versus
378 1348 544 1425 obtinent,
569 1344 668 1414 facile
688 1345 904 1441 intelligitur,
937 1372 999 1416 nos
1025 1351 1176 1416 omnimo
1201 1367 1235 1417 et
1254 1351 1319 1420 ho-

233 1474 361 1538 minum
388 1489 426 1538 et
446 1493 612 1574 equorum
637 1494 721 1564 quoe
745 1472 814 1540 hoc
837 1473 988 1566 Zophuri
1012 1471 1097 1542 latus
1122 1471 1238 1556 ollcrt,
1272 1477 1318 1544 si-

234 1597 377 1664 nistrum
404 1596 560 1688 corporis
581 1593 666 1662 letus
691 1596 918 1688 'conspicere
948 1594 1081 1664 Eodem
1106 1615 1217 1664 cutem
1242 1624 1319 1670 uere·

233 1738 347 1787 tnntuc
386 1719 486 1788 etiam
522 1719 698 1799 homines,
735 1743 822 1812 quos
860 1721 1038 1812 zophorus
1073 1721 1318 1813 septentriona-

195 1842 198 1846 ’
233 1844 274 1910 lis
312 1845 465 1925 exhibet„
493 1869 580 1936 qnae
618 1845 711 1934 signe
744 1842 948 1938 eneegphc,
982 1862 1020 1915 ut
1051 1843 1139 1912 iaha
1173 1871 1318 1939 appare·

233 1969 297 2048 hit,
324 1965 537 2034 cnm'latcris
562 1965 790 2036 meridionalis
808 1967 1015 2060 anaglyphis,
1041 1993 1126 2060 qnae
1152 1972 1318 2062 spectanti

237 2090 395 2158 dexunm
427 2092 579 2183 corporis
610 2090 698 2160 latna
717 2091 919 2173 ostendunt,
954 2090 1207 2185 quodammodo
1235 2117 1317 2160 con-

235 2239 356 2306 gruere
390 2212 555 2282 videntur.
605 2215 789 2308 Utriusque
823 2217 923 2308 igitur
954 2214 1069 2286 leteris
1081 2266 1090 2296 ‚
1118 2233 1157 2283 et
1182 2233 1316 2308 septen·

234 2337 385 2405 ieiunatis
406 2357 440 2406 et
463 2336 711 2421 meridionalis,
738 2339 829 2432 signa
852 2365 956 2433 quum
981 2338 1025 2408 ad
1050 2340 1215 2410 orientem
1239 2355 1314 2406 ten-

235 2460 325 2540 dant,
350 2486 475 2555 pompa
502 2481 616 2532 nostra
640 2464 677 2530 in
703 2460 785 2532 duas
810 2481 923 2558 partes
951 2464 1018 2530 sive
1046 2464 1158 2557 potius
1183 2465 1315 2555 agmina

235 2582 340 2650 divisa
365 2603 423 2649 est.

331 2705 503 2776 Videmus
520 2725 633 2778 antem
659 2709 696 2778 iu
728 2707 832 2778 latere
855 2706 914 2776 illo
941 2706 1143 2790 occidentali
1164 2733 1310 2802 pompae

236 2849 428 2922 apparatus,
462 2856 566 2923 quum
600 2833 728 2924 equites
763 2857 847 2925 quos
879 2830 1073 2925 quindecim
1105 2833 1215 2899 Musei
1240 2835 1311 2900 Bri-

234 2957 359 3024 tannici
399 2955 530 3028 tabulae
567 2956 665 3023 nobis
702 2954 886 3024 ostendunt
908 2953 976 3040 ¹⁰),
1011 2957 1047 3020 in
1080 2980 1119 3021 eo
1153 2957 1240 3036 sint,
1276 2974 1312 3022 ut

237 3103 361 3171 equum
385 3078 622 3161 conscendant,
648 3097 802 3173 utequos
826 3078 965 3147 doment
981 3096 1041 3144 etc.
1076 3081 1187 3144 Prima
1207 3079 1311 3173 figura

229 3221 331 3269 totam
359 3225 519 3295 pompam
543 3201 754 3285 antecedens,
780 3173 880 3294 quam
901 3203 1105 3273 Lenormant
1130 3226 1170 3268 ex
1194 3200 1311 3270 adum-

232 3327 335 3393 bratis
361 3325 480 3392 tabulis
494 3325 683 3392 Carreianis
698 3323 742 3414 ¹¹)
768 3325 900 3406 adiecit,
923 3302 1063 3394 herbata
1085 3345 1183 3419 atquc
1206 3344 1310 3396 aetate

338 3637 365 3688 lo
381 3637 444 3688 friso
460 3637 497 3689 ‹lu
516 3636 669 3691 Parthenon
687 3645 716 3689 et
729 3637 764 3688 du
783 3638 897 3707 Temple
915 3638 950 3690 de
967 3638 1104 3708 Phigalie,
1135 3640 1179 3690 coi
1198 3639 1236 3689 rei
1254 3639 1307 3688 Le-

306 3735 310 3743 ·
332 3731 458 3778 normont
475 3725 684 3805 explicationem
707 3723 814 3778 adiecit.
855 3727 936 3779 Cuius
961 3727 1127 3781 collectionis
1153 3725 1254 3781 tabulis
1280 3725 1310 3776 iu

333 3809 494 3864 illustrando
512 3811 635 3886 prltoro
656 3828 705 3862 nos
724 3811 834 3882 quidem
851 3821 966 3865 utemur.

273 3906 315 3973 to)
334 3906 365 3961 In
384 3905 492 3958 collect.
512 3905 653 3973 Elginiana
674 3907 743 3958 Mus.
755 3908 820 3960 Brit.
837 3925 866 3962 n.
885 3911 998 3978 47-61.
1028 3908 1127 3962 Stuart.
1146 3907 1195 3958 Ed.
1217 3908 1306 3960 Germ·

332 4000 406 4050 Fuso.
428 4001 509 4063 XXII,
529 4002 624 4056 5-12.
645 4003 738 4064 XXIII,
761 4005 835 4056 1-6.
855 4005 1026 4056 Lenormant.
1047 4003 1065 4054 l.
1087 4021 1109 4054 c.
1131 3995 1261 4064 P1.'1.11,
1285 4019 1306 4054 ι.

266 4071 431 4166 ιι)’ριιίὴιιε
449 4095 549 4149 tabulis
561 4097 724 4154 Lenormant
741 4098 770 4153 iu
789 4097 901 4154 edendis
925 4098 1040 4172 zephori
1059 4097 1217 4170 anaglyphis
1241 4113 1305 4150 usus

332 4199 380 4245 etl,
