2920 4868
545 413 793 484 ..39-

125 607 265 676 thenaea
284 607 321 674 in
342 607 480 675 Piraeeo
505 626 583 702 post
607 605 781 674 Bendidea
809 624 881 675 acte
906 629 979 676 esse
1004 604 1096 677 dicit.
1145 609 1215 677 Ne-

122 757 187 825 que
213 753 293 797 vero
318 731 417 797 huius
443 728 675 798 absurdissimi
701 731 875 824 scriptoris
901 732 1004 798 verba
1028 755 1102 799 rem
1127 730 1216 800 diiu-

122 853 236 920 dicare
262 870 404 948 possunt
424 846 478 936 ¹7).
529 852 647 947 ltaque
670 855 770 920 etiam
797 853 986 923 Clintonius
1012 855 1214 925 Timocratis

120 977 229 1071 legem
243 1000 314 1044 non
339 974 393 1042 Ol.
410 971 539 1058 106‚4‚
563 975 624 1043 sed
649 976 831 1060 01.106,3
858 976 958 1044 latam
975 1003 1058 1061 esse,
1075 977 1217 1046 demon-

120 1116 224 1165 strare
246 1096 368 1171 studet.
418 1099 491 1167 Etsi
516 1101 606 1166 enim
626 1101 713 1168 intra
736 1103 815 1168 anni
841 1102 985 1196 spatium
1003 1125 1151 1170 caussam
1172 1099 1217 1172 ad
1236 1148 1237 1154 κ

119 1218 248 1288 iudices
274 1220 401 1288 deferri
426 1247 565 1290 neccsse
590 1241 693 1307 esset,
718 1242 830 1291 tamen
852 1226 1080 1292 Timocratem
1102 1221 1216 1292 ὑπεύ-

120 1345 234 1414 θυνον
262 1370 334 1412 esse
367 1347 515 1439 potuisse
558 1345 718 1414 archonte
743 1344 978 1442 Euthydemo,
1018 1345 1093 1439 lege
1126 1371 1216 1418 anno

118 1465 339 1562 praecedenti
360 1467 434 1536 lata.
486 1469 589 1536 Cuius
614 1472 665 1538 rei
682 1468 874 1564 exemplum
900 1468 994 1536 affert
1008 1469 1213 1563 Ctesiphon·

119 1611 207 1675 tem,
235 1594 295 1685 qui
318 1610 393 1660 octo
421 1593 516 1658 annis
542 1611 620 1685 post
643 1591 753 1686 legem
777 1591 878 1660 latam
902 1589 1107 1670 ὑπεύθυνος
1135 1613 1215 1674 erat,

119 1719 179 1784 etsi
204 1734 377 1784 accusatus
405 1733 455 1783 est
478 1717 565 1783 intra
589 1718 668 1784 anni
689 1717 843 1810 spatium.
893 1715 1010 1812 ltaque
1030 1714 1214 1784 dummodo

118 1841 283 1909 accusatio
318 1841 406 1908 intra
443 1858 575 1934 tempus
606 1837 792 1933 legitimum
827 1839 946 1924 fieret,
984 1841 1213 1910 Timocratem
1262 1843 1264 1852 “

116 1962 221 2032 multo
247 1981 326 2058 post
347 1959 561 2032 ὑπεύθυνον
587 1989 658 2030 esse
684 1965 833 2057 potuisse
858 1959 915 2058 18).

216 2087 327 2154 Rectis
355 2105 464 2153 autem
486 2086 692 2180 argumentis
718 2085 762 2152 ad
790 2085 881 2152 diem
905 2086 1215 2154 Panathenaeorum

117 2212 285 2279 minorum
310 2208 541 2278 definiendum
565 2211 669 2278 utitur
696 2213 756 2304 qui
781 2211 976 2306 nuperrime
1000 2235 1074 2276 rem
1095 2228 1215 2276 tracta-

118 2337 180 2417 vit,
204 2333 434 2415 Hoffmanuus‚
458 2335 524 2402 nisi
550 2333 644 2428 quod
670 2335 898 2402 coniecturam
924 2358 1017 2401 suem
1037 2357 1215 2428 argumen-

120 2459 158 2524 tis
180 2481 250 2526 non
273 2458 490 2525 confirmavit
554 2459 693 2525 Maximi
720 2459 810 2525 enim
836 2455 880 2524 ad
905 2459 993 2526 hanc
1024 2483 1097 2526 rem
1121 2455 1210 2522 diiu-

122 2579 298 2648 dicandam
324 2584 485 2650 momenti
511 2602 562 2651 est
585 2582 680 2650 locus
706 2581 823 2649 allatus
840 2583 1087 2665 Demosthenis,
1111 2605 1214 2676 quem

127 2857 477 2949 ¹17)Scholiastaeenim
499 2875 598 2926 levitas
617 2883 731 2945 apparet
755 2891 787 2926 ex
812 2891 845 2927 eo
871 2873 945 2946 quod
976 2871 1097 2926 Platonis
1122 2873 1213 2924 locum
1235 2943 1241 2956 .

224 2961 260 3018 ad
279 2962 467 3016 Panathenaea
488 2963 591 3025 refert,
622 2979 675 3031 qua
693 2961 727 3014 de
755 2979 848 3013 caussa
865 2962 934 3012 haec
956 2961 985 3011 in
1015 2962 1125 3012 Piraeeo
1151 2967 1213 3011 acta

224 3068 284 3104 esse
303 3050 386 3114 dicit,
405 3047 480 3120 quod
502 3050 648 3119 sumpsisse
665 3048 775 3100 videtur
794 3065 827 3098 ex
846 3045 898 3099 hoc
919 3047 1040 3102 Platonis
1058 3048 1129 3098 loco.
1165 3051 1215 3100 st·

224 3153 278 3210 que
299 3155 382 3208 quum
402 3137 478 3188 Plato
497 3137 572 3207 pepli
590 3137 619 3187 in
632 3137 735 3188 Dianae
755 3134 887 3186 honorem
907 3135 937 3186 iu
948 3132 1093 3186 Bendideis
1111 3134 1213 3204 portati

221 3226 390 3278 mentionem
407 3225 509 3288 saciat,
528 3223 691 3287 scholiasta,
709 3241 791 3294 quum
812 3222 884 3274 hunc
902 3224 993 3275 locum
1011 3237 1153 3291 perperam
1170 3222 1213 3274 in-

220 3312 345 3381 telligat,
369 3312 449 3363 etiam
468 3313 497 3362 ln
516 3311 714 3363 Panathenaeis
740 3309 892 3362 minorihus
920 3310 1033 3380 peplum
1060 3309 1088 3359 in
1114 3325 1212 3377 pompa

221 3407 362 3470 portatum
384 3415 442 3450 esse
467 3397 542 3454 dicit.
596 3400 684 3470 Quam
704 3415 759 3449 rem
789 3397 883 3448 salsam
902 3413 980 3460 esse,
1006 3396 1077 3447 inlra
1099 3394 1212 3446 demon-

222 3487 362 3540 strabitur.
398 3486 482 3539 Vides
502 3487 602 3555 igitur,
632 3503 713 3556 quam
732 3486 832 3537 leviter
848 3484 992 3536 schollasta
1009 3499 1051 3534 res
1072 3483 1130 3534 sine
1147 3482 1205 3532 ullo

223 3573 325 3626 iudicio
344 3574 520 3644 perturbarit.

156 3663 198 3736 18)
215 3663 252 3714 Ea
271 3669 360 3712 autem
379 3678 472 3712 caussa
491 3679 571 3731 quam
590 3659 747 3712 Cllntonius
765 3661 856 3721 offert,
886 3655 1083 3723 Παναθήναια
1101 3654 1206 3723 simpli-

222 3751 291 3802 citer
307 3757 515 3802 commemorata
541 3745 760 3800 aDemosthene
792 3749 855 3797 esse'
875 3744 993 3807 maiora,
1020 3759 1075 3795 non
1094 3743 1208 3805 minora,

221 3837 286 3907 quia
305 3836 327 3888 si
346 3835 381 3887 de
398 3836 549 3887 minoribus
568 3851 655 3888 sermo
675 3842 754 3897 esset,
774 3840 848 3884 certo
867 3831 1026 3883 adiecisset:
1056 3823 1090 3882 ut
1107 3823 1209 3901 μικρὰ,

210 3923 366 3976 -admodum
387 3924 552 3987 estimato,
580 3924 651 3977 sicut
675 3921 729 3974 loci
748 3919 934 3972 Panathenaea
951 3925 1123 3987 spectantes,
1141 3932 1210 3986 quos

218 4011 387 4081 transcripsit
410 4011 562 4075 Meursius,
596 4010 662 4064 satis
690 4007 803 4070 docent,
833 4007 913 4058 immo
943 4005 1026 4056 etiam
1054 4019 1087 4054 ex
1114 3989 1210 4053 inscri-

217 4097 359 4168 ptionibus
386 4108 480 4170 aperte
507 4100 612 4162 elucet,
646 4095 835 4150 Panathenaea
862 4092 1023 4163 simpliciter
1057 4089 1130 4141 dicta
1160 4089 1211 4141 sui-

219 4201 287 4238 uora
306 4202 372 4239 esse.
