2920 4868
459 439 777 510 --65-

110 642 210 722 etiam
234 638 421 732 exspectari
446 655 570 733 potest,
596 619 687 711 ‘rem
710 661 788 709 mox
824 636 869 712 ad
893 639 1071 716 certiorem
1095 637 1196 712 finam

108 761 285 832 redactum
307 760 371 840 iri,
395 758 475 827 licet
499 758 680 827 Academia
705 760 937 854 antiquitatum
960 763 1107 830 Romana
1130 789 1196 832 nu-

107 885 258 982 perrime
294 881 384 949 hue
418 881 648 976 quaestionem
684 879 795 950 denuo
830 885 1056 976 proposuerit
1125 885 1199 954 Sed

107 1031 179 1074 non
205 1003 345 1086 omnia,'
358 1029 443 1098 quae
468 1003 566 1072 iudos
591 1003 849 1074 Panathenaicus
881 1007 979 1073 nobis
993 1009 1197 1094 ostendunt,

90 1153 185 1219 'vasa
209 1130 247 1194 in
272 1129 424 1194 Etruriae
450 1125 614 1221 sepulcris
646 1151 757 1222 prope
788 1127 914 1198 Volcos
946 1133 1080 1202 inventa
1110 1131 1197 1218 amit,

103 1248 187 1322 'tram
211 1253 359 1346 primum
391 1251 485 1346 quod
509 1252 653 1320 innotuit
688 1277 743 1321 vas
776 1256 1024 1349 Burgonianum
1053 1278 1196 1355 propter

108 1379 198 1471 ipsas
216 1375 363 1442 Athenas
389 1374 425 1439 in
449 1371 561 1440 lucem
580 1372 718 1466 prodiit.
769 1373 846 1442 Alia
870 1377 1009 1470 reperta
1031 1401 1103 1446 esse
1122 1379 1197 1448 aliis

109 1499 225 1570 Italiae
252 1513 286 1564 et
309 1498 450 1590 Magnae
477 1497 635 1564 Graeciae
660 1493 744 1564 locis
769 1497 855 1564 infra
879 1497 1075 1586 videbimus.
1100 1531 1103 1539 ·
1202 1573 1206 1584 ¹

210 1621 280 1692 Sed
305 1639 482 1715 antequam
507 1619 553 1687 ad
575 1644 729 1689 vasorum
752 1623 1082 1707 Panathenaicorum,
1108 1651 1194 1723 quo-

108 1771 183 1815 rum
208 1743 462 1836 numerusplus
477 1765 577 1836 quam
602 1743 736 1835 triginta
759 1744 826 1809 iam
842 1743 965 1838 explet,
988 1746 1075 1816 latus
1092 1746 1206 1820 auem?

112 1893 185 1936 sum
223 1866 407 1934 accuratius
449 1861 709 1930 describendum
745 1863 965 1948 accedamus,
1001 1866 1051 1935 de¹
1081 1894 1204 1938 eorum·

113 1988 240 2068 forma,
280 2012 347 2081 qua
371 2009 496 2053 nomen
530 2007 676 2076 ususque
702 1981 859 2050 definitur
871 2032 882 2063 ,
920 2011 1028 2079 pauca
1051 2015 1200 2061 munero

113 2135 199 2205 opus
226 2135 298 2178 esse
323 2107 471 2188 ridetur,
505 2106 583 2198 quia
607 2104 690 2171 haec
714 2129 769 2172 res
796 2102 839 2170 de
864 2129 927 2174 usu
958 2133 977 2174 a
1003 2113 1147 2183 Graecis
1164 2115 1201 2183 in

110 2235 348 2302 Panathenaeis
375 2233 547 2300 observato
563 2227 666 2296 multa
687 2251 748 2296 nos
775 2228 902 2298 edocet.
953 2233 1066 2302 Minus
1084 2241 1200 2329 aptum

113 2357 252 2454 quidem
275 2356 383 2426 videri
405 2347 538 2450 ¹potest,
564 2353 607 2421 de
631 2353 788 2448 praemiis
814 2381 833 2422 a
857 2357 1038 2424 victoribus
1063 2359 1200 2427 incer-

112 2483 290 2553 ominibus
315 2480 492 2575 reportatis
508 2477 683 2558 disserere,
710 2493 888 2571 antequam
904 2477 947 2546 de
965 2481 1199 2550 certaminibus

111 2609 192 2702 ipsis
220 2605 346 2673 dictum
371 2605 432 2683 sit,
472 2620 616 2670 attamen
646 2599 690 2668 de
723 2625 877 2670 vasorum
910 2605 1107 2698 imaginibus
1145 2608 1197 2700 agi

111 2753 182 2798 non
215 2728 312 2808 licet,
354 2727 421 2818 nisi¹
460 2750 575 2794 eorum
611 2724 717 2794 forma
753 2749 898 2820 ususque
936 2730 1104 2822 expositus
1138 2747 1197 2796 est

111 2855 223 2947 Atque
247 2851 284 2920 in
308 2851 498 2920 uuiversum
518 2846 657 2942 quidem
680 2872 833 2916 vasorum
851 2875 1198 2945 quaecuuqueusque

112 2976 156 3044 ad
188 2977 255 3043 hoc
287 2987 417 3070 tempus
451 2969 565 3040 effossa
601 2987 692 3053 sunt,
726 2970 831 3038 forma
866 2974 934 3039 eius
972 2975 1102 3068 generis
1137 2993 1197 3056 est,

112 3099 206 3196 quod
220 3101 340 3170 Graeci
357 3093 542 3194 ἀμφορεὺς
562 3093 592 3182 ²)
612 3096 678 3164 sive
703 3090 935 3191 ἀμφιφορεὺς
957 3089 988 3185 3)
1014 3096 1194 3190 (longetia,

114 3251 194 3297 vaso
219 3249 243 3292 a
265 3224 333 3290 due
358 3219 518 3308 manichi)
554 3221 734 3300 vocabant,
769 3243 809 3286 ex
842 3243 909 3314 quo
945 3223 1080 3288 nomine
1106 3224 1193 3290 eius-

113 3349 206 3419 modi
231 3375 307 3418 vasa
332 3347 459 3414 duabus
486 3345 571 3414 ansis
588 3343 744 3439 praedita*
766 3369 837 3412 esse
863 3367 1010 3441 apparet
1062 3347 1194 3442 Habent

115 3493 223 3544 autem
243 3471 372 3542 collum.
386 3491 568 3564 angustum,
595 3471 795 3537 ornamentis
817 3470 1080 3546 architectonicis
1095 3498 1195 3567 prae-

114 3599 241 3679 ditum,
278 3615 310 3664 et
334 3617 482 3665 ventrem
509 3617 682 3690 capacem,
715 3593 760 3659 ita
789 3611 827 3660 ut
860 3594 1027 3688 aptissima
1060 3595 1126 3663 sint
1150 3585 1194 3664 ad

15 3791 16 3804 ,
115 3719 348 3792 asservandum
371 3718 499 3796 vinum,
534 3713 645 3792 oleum
668 3713 722 3784 vel
754 3713 855 3782 alium
885 3715 922 3782 id
955 3741 1057 3808 genus
1082 3715 1193 3812 liquo.

118 3916 358 3939 ‘nnat-⁶·—

167 4053 195 4126 α)
214 4049 303 4103 Schol.
322 4051 348 4102 P.
366 4047 447 4099 Nem*
459 4045 491 4098 X.
504 4045 552 4114 67.
580 4041 621 4096 ed.
642 4039 757 4100 Boecih.
776 4042 906 4099 Simonid.
927 4043 956 4096 in
977 4043 1099 4100 Analect.
1125 4043 1157 4097 Τ.
1176 4043 1197 4097 i.

219 4157 245 4208 p.
266 4154 307 4206 7²·
325 4140 369 4208 69.
390 4134 432 4186 ed.
454 4133 554 4188 iacobs.

173 4229 208 4299 ³),
222 4223 336 4294 Hesych.
355 4241 375 4279 s.
395 4221 420 4276 h.
440 4239 473 4273 a*

1004 4321 1181 4385 5..
