<?xml version="1.0" encoding="UTF-8"?>
<!DOCTYPE html PUBLIC "-//W3C//DTD XHTML 1.0 Transitional//EN"
    "http://www.w3.org/TR/xhtml1/DTD/xhtml1-transitional.dtd">
<html xmlns="http://www.w3.org/1999/xhtml" xml:lang="en" lang="en">
 <head>
  <title>
</title>
<meta http-equiv="Content-Type" content="text/html;charset=utf-8" />
  <meta name='ocr-system' content='tesseract 3.04.00' />
  <meta name='ocr-capabilities' content='ocr_page ocr_carea ocr_par ocr_line ocrx_word'/>
</head>
<body>
  <div class='ocr_page' id='page_1' title='image "./panathenaica01muelgoog_0039.png"; bbox 0 0 2920 4868; ppageno 0'>
   <div class='ocr_carea' id='block_1_1' title="bbox 650 451 899 520">
    <p class='ocr_par' dir='ltr' id='par_1_1' title="bbox 650 451 899 520">
     <span class='ocr_line' id='line_1_1' title="bbox 650 451 899 520; baseline 0.004 -19"><span class='ocrx_word' id='word_1_1' title='bbox 650 451 899 520; x_wconf 71' lang='lat'>...96-</span> 
     </span>
    </p>
   </div>
   <div class='ocr_carea' id='block_1_2' title="bbox 229 637 1327 741">
    <p class='ocr_par' dir='ltr' id='par_1_2' title="bbox 229 637 1327 741">
     <span class='ocr_line' id='line_1_2' title="bbox 229 637 1327 741; baseline -0.017 -23"><span class='ocrx_word' id='word_1_2' title='bbox 229 649 325 718; x_wconf 85' lang='lat' dir='ltr'><strong>uehis</strong></span> <span class='ocrx_word' id='word_1_3' title='bbox 349 647 454 741; x_wconf 77' lang='lat' dir='ltr'><strong>ipsius</strong></span> <span class='ocrx_word' id='word_1_4' title='bbox 479 649 603 714; x_wconf 80' lang='lat' dir='ltr'><strong>nomen</strong></span> <span class='ocrx_word' id='word_1_5' title='bbox 636 644 789 714; x_wconf 87' lang='lat' dir='ltr'><strong>nondum</strong></span> <span class='ocrx_word' id='word_1_6' title='bbox 816 643 980 711; x_wconf 83' lang='lat' dir='ltr'>exstitisse</span> <span class='ocrx_word' id='word_1_7' title='bbox 1003 641 1143 708; x_wconf 76' lang='lat' dir='ltr'><strong>scio&#39;inns</strong></span> <span class='ocrx_word' id='word_1_8' title='bbox 1168 637 1222 694; x_wconf 84' lang='lat'>-·&#39;-</span> <span class='ocrx_word' id='word_1_9' title='bbox 1248 657 1327 702; x_wconf 84' lang='lat' dir='ltr'><strong>nam</strong></span> 
     </span>
    </p>
   </div>
   <div class='ocr_carea' id='block_1_3' title="bbox 228 757 1332 860">
    <p class='ocr_par' dir='ltr' id='par_1_3' title="bbox 228 729 1452 860">
     <span class='ocr_line' id='line_1_3' title="bbox 228 757 1332 860; baseline -0.008 -20"><span class='ocrx_word' id='word_1_10' title='bbox 228 772 321 840; x_wconf 77' lang='lat' dir='ltr'><strong>tubis</strong></span> <span class='ocrx_word' id='word_1_11' title='bbox 346 795 471 839; x_wconf 87' lang='lat' dir='ltr'><strong>nornen</strong></span> <span class='ocrx_word' id='word_1_12' title='bbox 495 795 514 834; x_wconf 83' lang='lat' dir='ltr'><strong>a</strong></span> <span class='ocrx_word' id='word_1_13' title='bbox 539 767 602 835; x_wconf 86' lang='lat' dir='ltr'><strong>dea</strong></span> <span class='ocrx_word' id='word_1_14' title='bbox 626 765 845 835; x_wconf 78' lang='lat' dir='ltr'><strong>derivandum·</strong></span> <span class='ocrx_word' id='word_1_15' title='bbox 883 791 955 833; x_wconf 87' lang='lat' dir='ltr'><strong>esse</strong></span> <span class='ocrx_word' id='word_1_16' title='bbox 988 784 1071 860; x_wconf 84' lang='lat' dir='ltr'><strong>puto</strong></span> <span class='ocrx_word' id='word_1_17' title='bbox 1083 816 1093 846; x_wconf 91' lang='lat'><strong>,</strong></span> <span class='ocrx_word' id='word_1_18' title='bbox 1136 784 1208 830; x_wconf 86' lang='lat' dir='ltr'><strong>nnn</strong></span> <span class='ocrx_word' id='word_1_19' title='bbox 1242 757 1332 824; x_wconf 71' lang='lat' dir='ltr'><strong>dees·</strong></span> 
     </span>
    </p>
   </div>
   <div class='ocr_carea' id='block_1_4' title="bbox 231 968 537 984">
    <p class='ocr_par' dir='ltr' id='par_1_4' title="bbox 231 968 537 984">
     <span class='ocr_line' id='line_1_4' title="bbox 231 968 537 984; baseline -0.02 0"><span class='ocrx_word' id='word_1_20' title='bbox 231 968 537 984; x_wconf 58' lang='lat' dir='ltr'>——a——n-—n-</span> 
     </span>
    </p>
   </div>
   <div class='ocr_carea' id='block_1_5' title="bbox 248 1073 1452 4303">
    <p class='ocr_par' dir='ltr' id='par_1_5' title="bbox 248 1073 1452 4303">
     <span class='ocr_line' id='line_1_5' title="bbox 335 1073 1325 1156; baseline -0.016 -16"><span class='ocrx_word' id='word_1_21' title='bbox 335 1088 410 1140; x_wconf 84' lang='lat' dir='ltr'><strong>illum</strong></span> <span class='ocrx_word' id='word_1_22' title='bbox 437 1085 645 1156; x_wconf 74' lang='lat' dir='ltr'><strong>explicationem</strong></span> <span class='ocrx_word' id='word_1_23' title='bbox 666 1085 733 1136; x_wconf 89' lang='lat' dir='ltr'><strong>mihi</strong></span> <span class='ocrx_word' id='word_1_24' title='bbox 750 1083 858 1154; x_wconf 83' lang='lat' dir='ltr'><strong>placere</strong></span> <span class='ocrx_word' id='word_1_25' title='bbox 878 1083 1018 1141; x_wconf 83' lang='lat' dir='ltr'><strong>confiteor,</strong></span> <span class='ocrx_word' id='word_1_26' title='bbox 1062 1079 1222 1149; x_wconf 79' lang='lat' dir='ltr'><strong>Neptunum</strong></span> <span class='ocrx_word' id='word_1_27' title='bbox 1251 1073 1325 1125; x_wconf 85' lang='lat' dir='ltr'><strong>enim</strong></span> 
     </span>
     <span class='ocr_line' id='line_1_6' title="bbox 248 1167 1324 1247; baseline -0.016 -19"><span class='ocrx_word' id='word_1_28' title='bbox 248 1169 251 1176; x_wconf 81' lang='grc'><strong>’</strong></span> <span class='ocrx_word' id='word_1_29' title='bbox 334 1185 445 1247; x_wconf 90' lang='lat' dir='ltr'><strong>propter</strong></span> <span class='ocrx_word' id='word_1_30' title='bbox 462 1174 562 1243; x_wconf 79' lang='lat' dir='ltr'><strong>sceptri</strong></span> <span class='ocrx_word' id='word_1_31' title='bbox 589 1171 710 1241; x_wconf 81' lang='lat' dir='ltr'><strong>insigne,</strong></span> <span class='ocrx_word' id='word_1_32' title='bbox 736 1189 790 1241; x_wconf 88' lang='lat' dir='ltr'><strong>quo</strong></span> <span class='ocrx_word' id='word_1_33' title='bbox 808 1171 849 1221; x_wconf 83' lang='lat' dir='ltr'><strong>vir</strong></span> <span class='ocrx_word' id='word_1_34' title='bbox 867 1170 962 1223; x_wconf 86' lang='lat' dir='ltr'><strong>sedens</strong></span> <span class='ocrx_word' id='word_1_35' title='bbox 980 1167 1119 1239; x_wconf 86' lang='lat' dir='ltr'><strong>praeditus</strong></span> <span class='ocrx_word' id='word_1_36' title='bbox 1144 1174 1203 1225; x_wconf 88' lang='lat' dir='ltr'><strong>est,</strong></span> <span class='ocrx_word' id='word_1_37' title='bbox 1237 1177 1324 1230; x_wconf 82' lang='lat' dir='ltr'><strong>ogno-</strong></span> 
     </span>
     <span class='ocr_line' id='line_1_7' title="bbox 334 1249 1322 1330; baseline -0.015 -15"><span class='ocrx_word' id='word_1_38' title='bbox 334 1280 409 1319; x_wconf 88' lang='lat' dir='ltr'><strong>scere</strong></span> <span class='ocrx_word' id='word_1_39' title='bbox 429 1278 487 1322; x_wconf 82' lang='lat' dir='ltr'><strong>non</strong></span> <span class='ocrx_word' id='word_1_40' title='bbox 503 1279 633 1330; x_wconf 78' lang='lat' dir='ltr'><strong>possein,¹</strong></span> <span class='ocrx_word' id='word_1_41' title='bbox 662 1267 719 1312; x_wconf 82' lang='lat' dir='ltr'><strong>turn</strong></span> <span class='ocrx_word' id='word_1_42' title='bbox 736 1260 802 1329; x_wconf 83' lang='lat' dir='ltr'><strong>quie</strong></span> <span class='ocrx_word' id='word_1_43' title='bbox 824 1259 897 1313; x_wconf 88' lang='lat' dir='ltr'><strong>hunc</strong></span> <span class='ocrx_word' id='word_1_44' title='bbox 918 1258 1016 1320; x_wconf 87' lang='lat' dir='ltr'><strong>deum,</strong></span> <span class='ocrx_word' id='word_1_45' title='bbox 1050 1255 1097 1326; x_wconf 81' lang='lat' dir='ltr'><strong>qui</strong></span> <span class='ocrx_word' id='word_1_46' title='bbox 1122 1255 1152 1306; x_wconf 88' lang='lat' dir='ltr'><strong>in</strong></span> <span class='ocrx_word' id='word_1_47' title='bbox 1171 1249 1322 1304; x_wconf 75' lang='lat' dir='ltr'><strong>certamine</strong></span> 
     </span>
     <span class='ocr_line' id='line_1_8' title="bbox 333 1337 1325 1418; baseline -0.017 -16"><span class='ocrx_word' id='word_1_48' title='bbox 333 1369 394 1402; x_wconf 90' lang='lat' dir='ltr'><strong>cum</strong></span> <span class='ocrx_word' id='word_1_49' title='bbox 412 1350 532 1400; x_wconf 86' lang='lat' dir='ltr'><strong>Minerva</strong></span> <span class='ocrx_word' id='word_1_50' title='bbox 549 1359 608 1400; x_wconf 90' lang='lat' dir='ltr'><strong>orto</strong></span> <span class='ocrx_word' id='word_1_51' title='bbox 628 1356 768 1418; x_wconf 81' lang='lat' dir='ltr'><strong>superatus</strong></span> <span class='ocrx_word' id='word_1_52' title='bbox 788 1355 862 1408; x_wconf 75' lang='lat' dir='ltr'><strong>crat,</strong></span> <span class='ocrx_word' id='word_1_53' title='bbox 892 1348 930 1398; x_wconf 76' lang='lat' dir='ltr'><strong>ita</strong></span> <span class='ocrx_word' id='word_1_54' title='bbox 958 1352 988 1396; x_wconf 93' lang='lat' dir='ltr'><strong>ut</strong></span> <span class='ocrx_word' id='word_1_55' title='bbox 1012 1343 1117 1416; x_wconf 85' lang='lat' dir='ltr'><strong>aliquid</strong></span> <span class='ocrx_word' id='word_1_56' title='bbox 1144 1337 1325 1392; x_wconf 66' lang='lat' dir='ltr'><strong>auctoritatis</strong></span> 
     </span>
     <span class='ocr_line' id='line_1_9' title="bbox 333 1428 1319 1506; baseline -0.017 -16"><span class='ocrx_word' id='word_1_57' title='bbox 333 1455 398 1490; x_wconf 88' lang='lat' dir='ltr'><strong>suae</strong></span> <span class='ocrx_word' id='word_1_58' title='bbox 417 1434 568 1506; x_wconf 78' lang='lat' dir='ltr'><strong>perdidisse</strong></span> <span class='ocrx_word' id='word_1_59' title='bbox 587 1435 732 1498; x_wconf 86' lang='lat' dir='ltr'><strong>videretur,</strong></span> <span class='ocrx_word' id='word_1_60' title='bbox 752 1435 795 1484; x_wconf 93' lang='lat' dir='ltr'><strong>hic</strong></span> <span class='ocrx_word' id='word_1_61' title='bbox 813 1435 866 1485; x_wconf 83' lang='lat' dir='ltr'><strong>iam</strong></span> <span class='ocrx_word' id='word_1_62' title='bbox 885 1433 913 1484; x_wconf 90' lang='lat' dir='ltr'><strong>in</strong></span> <span class='ocrx_word' id='word_1_63' title='bbox 933 1433 1000 1483; x_wconf 86' lang='lat' dir='ltr'><strong>sella</strong></span> <span class='ocrx_word' id='word_1_64' title='bbox 1019 1432 1157 1483; x_wconf 87' lang='lat' dir='ltr'><strong>sedentem</strong></span> <span class='ocrx_word' id='word_1_65' title='bbox 1178 1428 1319 1497; x_wconf 87' lang='lat' dir='ltr'><strong>depictum</strong></span> 
     </span>
     <span class='ocr_line' id='line_1_10' title="bbox 334 1511 1323 1590; baseline -0.016 -14"><span class='ocrx_word' id='word_1_66' title='bbox 334 1541 393 1576; x_wconf 88' lang='lat' dir='ltr'><strong>esse</strong></span> <span class='ocrx_word' id='word_1_67' title='bbox 410 1523 559 1576; x_wconf 76' lang='lat' dir='ltr'><strong>verisimile</strong></span> <span class='ocrx_word' id='word_1_68' title='bbox 584 1529 717 1586; x_wconf 88' lang='lat' dir='ltr'><strong>nonest,</strong></span> <span class='ocrx_word' id='word_1_69' title='bbox 749 1530 810 1572; x_wconf 86' lang='lat' dir='ltr'><strong>turn·</strong></span> <span class='ocrx_word' id='word_1_70' title='bbox 835 1521 899 1590; x_wconf 81' lang='lat' dir='ltr'><strong>quia</strong></span> <span class='ocrx_word' id='word_1_71' title='bbox 919 1519 1063 1588; x_wconf 81' lang='lat' dir='ltr'><strong>Neptunus</strong></span> <span class='ocrx_word' id='word_1_72' title='bbox 1087 1519 1115 1568; x_wconf 87' lang='lat' dir='ltr'><strong>in</strong></span> <span class='ocrx_word' id='word_1_73' title='bbox 1142 1516 1213 1566; x_wconf 76' lang='lat' dir='ltr'><strong>vasis</strong></span> <span class='ocrx_word' id='word_1_74' title='bbox 1234 1520 1264 1563; x_wconf 83' lang='lat' dir='ltr'><strong>et</strong></span> <span class='ocrx_word' id='word_1_75' title='bbox 1290 1511 1323 1560; x_wconf 74' lang='lat' dir='ltr'><strong>ln</strong></span> 
     </span>
     <span class='ocr_line' id='line_1_11' title="bbox 330 1599 1325 1678; baseline -0.015 -13"><span class='ocrx_word' id='word_1_76' title='bbox 330 1612 438 1666; x_wconf 78' lang='lat' dir='ltr'><strong>Etruria</strong></span> <span class='ocrx_word' id='word_1_77' title='bbox 465 1619 493 1664; x_wconf 89' lang='lat' dir='ltr'><strong>et</strong></span> <span class='ocrx_word' id='word_1_78' title='bbox 510 1611 645 1678; x_wconf 81' lang='lat' dir='ltr'><strong>inldagnn.</strong></span> <span class='ocrx_word' id='word_1_79' title='bbox 656 1610 771 1664; x_wconf 74' lang='lat' dir='ltr'><strong>Graecia</strong></span> <span class='ocrx_word' id='word_1_80' title='bbox 790 1608 892 1660; x_wconf 73' lang='lat' dir='ltr'><strong>effossis</strong></span> <span class='ocrx_word' id='word_1_81' title='bbox 909 1623 1059 1678; x_wconf 81' lang='lat' dir='ltr'><strong>nunquam,</strong></span> <span class='ocrx_word' id='word_1_82' title='bbox 1076 1607 1104 1657; x_wconf 91' lang='lat' dir='ltr'><strong>ni</strong></span> <span class='ocrx_word' id='word_1_83' title='bbox 1115 1604 1208 1665; x_wconf 77' lang='lat' dir='ltr'><strong>fallor,</strong></span> <span class='ocrx_word' id='word_1_84' title='bbox 1222 1599 1325 1652; x_wconf 81' lang='lat' dir='ltr'><strong>sedens</strong></span> 
     </span>
     <span class='ocr_line' id='line_1_12' title="bbox 331 1687 1324 1768; baseline -0.016 -18"><span class='ocrx_word' id='word_1_85' title='bbox 331 1699 515 1768; x_wconf 81' lang='lat' dir='ltr'><strong>conspicitur,</strong></span> <span class='ocrx_word' id='word_1_86' title='bbox 540 1697 593 1748; x_wconf 88' lang='lat' dir='ltr'><strong>nlsi</strong></span> <span class='ocrx_word' id='word_1_87' title='bbox 613 1697 683 1747; x_wconf 81' lang='lat' dir='ltr'><strong>sorte</strong></span> <span class='ocrx_word' id='word_1_88' title='bbox 702 1695 777 1765; x_wconf 92' lang='lat' dir='ltr'><strong>quod</strong></span> <span class='ocrx_word' id='word_1_89' title='bbox 798 1695 850 1745; x_wconf 83' lang='lat' dir='ltr'><strong>viri</strong></span> <span class='ocrx_word' id='word_1_90' title='bbox 869 1693 941 1746; x_wconf 92' lang='lat' dir='ltr'><strong>docti</strong></span> <span class='ocrx_word' id='word_1_91' title='bbox 960 1695 1150 1754; x_wconf 87' lang='lat' dir='ltr'><strong>coniecerunt,</strong></span> <span class='ocrx_word' id='word_1_92' title='bbox 1177 1691 1206 1740; x_wconf 91' lang='lat' dir='ltr'><strong>in</strong></span> <span class='ocrx_word' id='word_1_93' title='bbox 1225 1687 1324 1739; x_wconf 89' lang='lat' dir='ltr'><strong>Sosiae</strong></span> 
     </span>
     <span class='ocr_line' id='line_1_13' title="bbox 332 1762 1321 1856; baseline -0.013 -20"><span class='ocrx_word' id='word_1_94' title='bbox 332 1796 442 1856; x_wconf 83' lang='lat' dir='ltr'><strong>patera,</strong></span> <span class='ocrx_word' id='word_1_95' title='bbox 468 1801 549 1854; x_wconf 85' lang='lat' dir='ltr'><strong>quam</strong></span> <span class='ocrx_word' id='word_1_96' title='bbox 566 1797 691 1835; x_wconf 76' lang='lat' dir='ltr'><strong>maneum·</strong></span> <span class='ocrx_word' id='word_1_97' title='bbox 708 1797 767 1836; x_wconf 84' lang='lat' dir='ltr'><strong>esse</strong></span> <span class='ocrx_word' id='word_1_98' title='bbox 793 1781 937 1833; x_wconf 78' lang='lat' dir='ltr'><strong>admodum</strong></span> <span class='ocrx_word' id='word_1_99' title='bbox 957 1780 1104 1832; x_wconf 79' lang='lat' dir='ltr'><strong>dolendum</strong></span> <span class='ocrx_word' id='word_1_100' title='bbox 1129 1785 1179 1830; x_wconf 85' lang='lat' dir='ltr'><strong>est.</strong></span> <span class='ocrx_word' id='word_1_101' title='bbox 1215 1762 1321 1826; x_wconf 73' lang='lat' dir='ltr'><strong>¹Erich-</strong></span> 
     </span>
     <span class='ocr_line' id='line_1_14' title="bbox 329 1860 1326 1958; baseline -0.012 -31"><span class='ocrx_word' id='word_1_102' title='bbox 329 1873 457 1958; x_wconf 72' lang='lat' dir='ltr'><strong>thonium</strong></span> <span class='ocrx_word' id='word_1_103' title='bbox 476 1881 583 1935; x_wconf 84' lang='lat' dir='ltr'><strong>autern,</strong></span> <span class='ocrx_word' id='word_1_104' title='bbox 600 1870 675 1940; x_wconf 77' lang='lat' dir='ltr'><strong>qued</strong></span> <span class='ocrx_word' id='word_1_105' title='bbox 690 1870 838 1930; x_wconf 76' lang='lat' dir='ltr'><strong>Muellerus</strong></span> <span class='ocrx_word' id='word_1_106' title='bbox 855 1877 957 1934; x_wconf 66' lang='lat' dir='ltr'><strong>oensem,</strong></span> <span class='ocrx_word' id='word_1_107' title='bbox 976 1869 1030 1920; x_wconf 83' lang='lat' dir='ltr'><strong>lam</strong></span> <span class='ocrx_word' id='word_1_108' title='bbox 1046 1883 1138 1936; x_wconf 82' lang='lat' dir='ltr'><strong>regem</strong></span> <span class='ocrx_word' id='word_1_109' title='bbox 1156 1863 1261 1919; x_wconf 75' lang='lat' dir='ltr'><strong>faenum</strong></span> <span class='ocrx_word' id='word_1_110' title='bbox 1277 1860 1326 1920; x_wconf 76' lang='lat' dir='ltr'><strong>his</strong></span> 
     </span>
     <span class='ocr_line' id='line_1_15' title="bbox 329 1949 1324 2031; baseline -0.015 -19"><span class='ocrx_word' id='word_1_111' title='bbox 329 1959 425 2012; x_wconf 91' lang='lat' dir='ltr'><strong>sedere</strong></span> <span class='ocrx_word' id='word_1_112' title='bbox 442 1959 551 2011; x_wconf 88' lang='lat' dir='ltr'><strong>credere</strong></span> <span class='ocrx_word' id='word_1_113' title='bbox 569 1975 624 2011; x_wconf 86' lang='lat' dir='ltr'><strong>non</strong></span> <span class='ocrx_word' id='word_1_114' title='bbox 642 1975 751 2031; x_wconf 85' lang='lat' dir='ltr'><strong>possum</strong></span> <span class='ocrx_word' id='word_1_115' title='bbox 768 1965 911 2026; x_wconf 86' lang='lat' dir='ltr'><strong>propterea</strong></span> <span class='ocrx_word' id='word_1_116' title='bbox 930 1954 1003 2028; x_wconf 81' lang='lat' dir='ltr'><strong>quod</strong></span> <span class='ocrx_word' id='word_1_117' title='bbox 1023 1954 1091 2005; x_wconf 84' lang='lat' dir='ltr'><strong>haec</strong></span> <span class='ocrx_word' id='word_1_118' title='bbox 1112 1950 1213 2006; x_wconf 83' lang='lat' dir='ltr'><strong>sedens</strong></span> <span class='ocrx_word' id='word_1_119' title='bbox 1236 1949 1324 2016; x_wconf 78' lang='lat' dir='ltr'><strong>ligura</strong></span> 
     </span>
     <span class='ocr_line' id='line_1_16' title="bbox 332 2037 1322 2116; baseline -0.014 -18"><span class='ocrx_word' id='word_1_120' title='bbox 332 2047 399 2098; x_wconf 90' lang='lat' dir='ltr'><strong>deus</strong></span> <span class='ocrx_word' id='word_1_121' title='bbox 419 2047 518 2116; x_wconf 84' lang='lat' dir='ltr'><strong>aliquis</strong></span> <span class='ocrx_word' id='word_1_122' title='bbox 539 2063 597 2098; x_wconf 87' lang='lat' dir='ltr'><strong>esse</strong></span> <span class='ocrx_word' id='word_1_123' title='bbox 611 2045 733 2107; x_wconf 75' lang='lat' dir='ltr'><strong>videtur,</strong></span> <span class='ocrx_word' id='word_1_124' title='bbox 765 2053 819 2096; x_wconf 86' lang='lat' dir='ltr'><strong>tam</strong></span> <span class='ocrx_word' id='word_1_125' title='bbox 838 2044 873 2096; x_wconf 92' lang='lat' dir='ltr'><strong>ob</strong></span> <span class='ocrx_word' id='word_1_126' title='bbox 894 2044 993 2114; x_wconf 87' lang='lat' dir='ltr'><strong>sceptri</strong></span> <span class='ocrx_word' id='word_1_127' title='bbox 1020 2043 1124 2110; x_wconf 79' lang='lat' dir='ltr'><strong>insigne</strong></span> <span class='ocrx_word' id='word_1_128' title='bbox 1144 2037 1223 2109; x_wconf 64' lang='lat' dir='ltr'><strong>quod*</strong></span> <span class='ocrx_word' id='word_1_129' title='bbox 1239 2051 1322 2086; x_wconf 87' lang='lat' dir='ltr'><strong>manu</strong></span> 
     </span>
     <span class='ocr_line' id='line_1_17' title="bbox 333 2125 1323 2202; baseline -0.015 -16"><span class='ocrx_word' id='word_1_130' title='bbox 333 2134 443 2188; x_wconf 83' lang='lat' dir='ltr'><strong>sinistra</strong></span> <span class='ocrx_word' id='word_1_131' title='bbox 461 2141 554 2196; x_wconf 81' lang='lat' dir='ltr'><strong>tenet,</strong></span> <span class='ocrx_word' id='word_1_132' title='bbox 584 2147 663 2202; x_wconf 81' lang='lat' dir='ltr'><strong>quam</strong></span> <span class='ocrx_word' id='word_1_133' title='bbox 684 2132 719 2182; x_wconf 87' lang='lat' dir='ltr'><strong>eb</strong></span> <span class='ocrx_word' id='word_1_134' title='bbox 737 2129 947 2182; x_wconf 78' lang='lat' dir='ltr'><strong>similitudmem</strong></span> <span class='ocrx_word' id='word_1_135' title='bbox 976 2137 1082 2181; x_wconf 77' lang='lat' dir='ltr'><strong>nostres</strong></span> <span class='ocrx_word' id='word_1_136' title='bbox 1109 2125 1234 2192; x_wconf 74' lang='lat' dir='ltr'><strong>imaginis</strong></span> <span class='ocrx_word' id='word_1_137' title='bbox 1259 2135 1323 2172; x_wconf 82' lang='lat' dir='ltr'><strong>cum</strong></span> 
     </span>
     <span class='ocr_line' id='line_1_18' title="bbox 333 2207 1452 2292; baseline -0.015 -20"><span class='ocrx_word' id='word_1_138' title='bbox 333 2221 485 2292; x_wconf 80' lang='lat' dir='ltr'><strong>anaglypho</strong></span> <span class='ocrx_word' id='word_1_139' title='bbox 506 2219 594 2276; x_wconf 79' lang='lat' dir='ltr'><strong>Musei</strong></span> <span class='ocrx_word' id='word_1_140' title='bbox 613 2219 679 2288; x_wconf 83' lang='lat' dir='ltr'><strong>regii</strong></span> <span class='ocrx_word' id='word_1_141' title='bbox 698 2219 853 2272; x_wconf 86' lang='lat' dir='ltr'><strong>Parisiensis</strong></span> <span class='ocrx_word' id='word_1_142' title='bbox 873 2217 975 2285; x_wconf 89' lang='lat' dir='ltr'><strong>(Millin</strong></span> <span class='ocrx_word' id='word_1_143' title='bbox 993 2216 1054 2267; x_wconf 79' lang='lat' dir='ltr'><strong>Gal.</strong></span> <span class='ocrx_word' id='word_1_144' title='bbox 1072 2212 1158 2280; x_wconf 72' lang='lat' dir='ltr'><strong>Myrh.</strong></span> <span class='ocrx_word' id='word_1_145' title='bbox 1178 2207 1324 2272; x_wconf 51' lang='lat' dir='ltr'><strong>Minoi.</strong></span> <span class='ocrx_word' id='word_1_146' title='bbox 1367 2236 1372 2255; x_wconf 65' lang='lat' dir='ltr'><em>s</em></span> <span class='ocrx_word' id='word_1_147' title='bbox 1451 2211 1452 2236; x_wconf 69' lang='lat' dir='ltr'><strong>l</strong></span> 
     </span>
     <span class='ocr_line' id='line_1_19' title="bbox 330 2294 1322 2376; baseline -0.02 -15"><span class='ocrx_word' id='word_1_148' title='bbox 330 2309 407 2367; x_wconf 82' lang='lat' dir='ltr'><strong>ilion.</strong></span> <span class='ocrx_word' id='word_1_149' title='bbox 427 2308 491 2360; x_wconf 84' lang='lat' dir='ltr'><strong>dell&#39;</strong></span> <span class='ocrx_word' id='word_1_150' title='bbox 513 2309 577 2362; x_wconf 85' lang='lat' dir='ltr'><strong>lnst.</strong></span> <span class='ocrx_word' id='word_1_151' title='bbox 596 2306 663 2362; x_wconf 78' lang='lat' dir='ltr'><strong>Tan.</strong></span> <span class='ocrx_word' id='word_1_152' title='bbox 683 2305 763 2376; x_wconf 75' lang='lat' dir='ltr'><strong>llll).</strong></span> <span class='ocrx_word' id='word_1_153' title='bbox 810 2303 872 2374; x_wconf 84' lang='lat' dir='ltr'><strong>Quo</strong></span> <span class='ocrx_word' id='word_1_154' title='bbox 891 2304 920 2354; x_wconf 91' lang='lat' dir='ltr'><strong>in</strong></span> <span class='ocrx_word' id='word_1_155' title='bbox 940 2299 1092 2370; x_wconf 85' lang='lat' dir='ltr'><strong>anaglypho</strong></span> <span class='ocrx_word' id='word_1_156' title='bbox 1109 2295 1236 2350; x_wconf 76' lang='lat' dir='ltr'><strong>Viscouti</strong></span> <span class='ocrx_word' id='word_1_157' title='bbox 1266 2294 1322 2363; x_wconf 84' lang='lat' dir='ltr'><strong>(ap.</strong></span> 
     </span>
     <span class='ocr_line' id='line_1_20' title="bbox 331 2371 1323 2461; baseline -0.021 -14"><span class='ocrx_word' id='word_1_158' title='bbox 331 2397 436 2460; x_wconf 81' lang='lat' dir='ltr'><strong>Clarae,</strong></span> <span class='ocrx_word' id='word_1_159' title='bbox 463 2395 547 2448; x_wconf 88' lang='lat' dir='ltr'><strong>desor.</strong></span> <span class='ocrx_word' id='word_1_160' title='bbox 580 2393 627 2444; x_wconf 91' lang='lat' dir='ltr'><strong>des</strong></span> <span class='ocrx_word' id='word_1_161' title='bbox 646 2392 778 2461; x_wconf 76' lang='lat' dir='ltr'><strong>Antiquos</strong></span> <span class='ocrx_word' id='word_1_162' title='bbox 796 2390 833 2440; x_wconf 87' lang='lat' dir='ltr'><strong>dn</strong></span> <span class='ocrx_word' id='word_1_163' title='bbox 852 2389 999 2440; x_wconf 78' lang='lat' dir='ltr'><strong>hoamen.</strong></span> <span class='ocrx_word' id='word_1_164' title='bbox 1020 2388 1084 2457; x_wconf 79' lang='lat'>²⁵9)</span> <span class='ocrx_word' id='word_1_165' title='bbox 1107 2383 1243 2435; x_wconf 81' lang='lat' dir='ltr'><strong>Bacchum</strong></span> <span class='ocrx_word' id='word_1_166' title='bbox 1255 2425 1258 2430; x_wconf 94' lang='lat'><em>.</em></span> <span class='ocrx_word' id='word_1_167' title='bbox 1271 2371 1323 2448; x_wconf 65' lang='lat' dir='ltr'><strong>gni</strong></span> 
     </span>
     <span class='ocr_line' id='line_1_21' title="bbox 333 2459 1324 2546; baseline -0.019 -10"><span class='ocrx_word' id='word_1_168' title='bbox 333 2482 414 2536; x_wconf 89' lang='lat' dir='ltr'><strong>modo</strong></span> <span class='ocrx_word' id='word_1_169' title='bbox 439 2490 518 2534; x_wconf 76' lang='lat' dir='ltr'><strong>natm</strong></span> <span class='ocrx_word' id='word_1_170' title='bbox 545 2480 664 2533; x_wconf 75' lang='lat' dir='ltr'><strong>eTerra</strong></span> <span class='ocrx_word' id='word_1_171' title='bbox 690 2477 795 2530; x_wconf 85' lang='lat' dir='ltr'><strong>duabus</strong></span> <span class='ocrx_word' id='word_1_172' title='bbox 816 2474 941 2546; x_wconf 82' lang='lat' dir='ltr'><strong>nymphis</strong></span> <span class='ocrx_word' id='word_1_173' title='bbox 961 2460 1098 2533; x_wconf 68' lang='lat' dir='ltr'><strong>tiedemr,</strong></span> <span class='ocrx_word' id='word_1_174' title='bbox 1126 2459 1324 2522; x_wconf 84' lang='lat' dir='ltr'><strong>eilicturn&#39;esse</strong></span> 
     </span>
     <span class='ocr_line' id='line_1_22' title="bbox 333 2551 1326 2637; baseline -0.021 -16"><span class='ocrx_word' id='word_1_175' title='bbox 333 2568 468 2632; x_wconf 86' lang='lat' dir='ltr'><strong>credidit,</strong></span> <span class='ocrx_word' id='word_1_176' title='bbox 489 2585 569 2637; x_wconf 85' lang='lat' dir='ltr'><strong>quam</strong></span> <span class='ocrx_word' id='word_1_177' title='bbox 587 2565 749 2617; x_wconf 86' lang='lat' dir='ltr'><strong>sententiam</strong></span> <span class='ocrx_word' id='word_1_178' title='bbox 768 2565 866 2614; x_wconf 88' lang='lat' dir='ltr'><strong>rnerito</strong></span> <span class='ocrx_word' id='word_1_179' title='bbox 894 2563 988 2613; x_wconf 89' lang='lat' dir='ltr'><strong>reiecit</strong></span> <span class='ocrx_word' id='word_1_180' title='bbox 1006 2559 1127 2611; x_wconf 85' lang='lat' dir='ltr'><strong>Panolla</strong></span> <span class='ocrx_word' id='word_1_181' title='bbox 1153 2559 1236 2627; x_wconf 76' lang='lat' dir='ltr'><strong>(hun.</strong></span> <span class='ocrx_word' id='word_1_182' title='bbox 1260 2551 1326 2604; x_wconf 81' lang='lat' dir='ltr'><strong>dell&#39;</strong></span> 
     </span>
     <span class='ocr_line' id='line_1_23' title="bbox 335 2645 1323 2725; baseline -0.02 -18"><span class='ocrx_word' id='word_1_183' title='bbox 335 2657 720 2725; x_wconf 76' lang='lat' dir='ltr'><strong>lnst.1829.p.298sqq.),</strong></span> <span class='ocrx_word' id='word_1_184' title='bbox 750 2652 797 2720; x_wconf 92' lang='lat' dir='ltr'><strong>qui</strong></span> <span class='ocrx_word' id='word_1_185' title='bbox 817 2650 968 2710; x_wconf 81' lang='lat' dir='ltr'><strong>insontem,</strong></span> <span class='ocrx_word' id='word_1_186' title='bbox 1001 2665 1080 2717; x_wconf 88' lang='lat' dir='ltr'><strong>quern</strong></span> <span class='ocrx_word' id='word_1_187' title='bbox 1098 2645 1182 2696; x_wconf 86' lang='lat' dir='ltr'><strong>Terra</strong></span> <span class='ocrx_word' id='word_1_188' title='bbox 1213 2655 1323 2691; x_wconf 90' lang='lat' dir='ltr'><strong>sursum</strong></span> 
     </span>
     <span class='ocr_line' id='line_1_24' title="bbox 334 2728 1322 2813; baseline -0.02 -18"><span class='ocrx_word' id='word_1_189' title='bbox 334 2742 467 2813; x_wconf 87' lang='lat' dir='ltr'><strong>porrigit,</strong></span> <span class='ocrx_word' id='word_1_190' title='bbox 489 2739 696 2793; x_wconf 75' lang='lat' dir='ltr'><strong>Erichthonium</strong></span> <span class='ocrx_word' id='word_1_191' title='bbox 712 2755 768 2793; x_wconf 82' lang='lat' dir='ltr'><strong>esse</strong></span> <span class='ocrx_word' id='word_1_192' title='bbox 787 2737 933 2788; x_wconf 83' lang='lat' dir='ltr'><strong>rectissime</strong></span> <span class='ocrx_word' id='word_1_193' title='bbox 953 2735 1028 2788; x_wconf 75' lang='lat' dir='ltr'><strong>dicit.</strong></span> <span class='ocrx_word' id='word_1_194' title='bbox 1077 2728 1207 2782; x_wconf 86' lang='lat' dir='ltr'><strong>Ostendit</strong></span> <span class='ocrx_word' id='word_1_195' title='bbox 1227 2734 1322 2779; x_wconf 80' lang='lat' dir='ltr'><strong>eutem</strong></span> 
     </span>
     <span class='ocr_line' id='line_1_25' title="bbox 338 2814 1324 2898; baseline -0.022 -16"><span class='ocrx_word' id='word_1_196' title='bbox 338 2832 422 2886; x_wconf 77' lang='lat' dir='ltr'><strong>etiam</strong></span> <span class='ocrx_word' id='word_1_197' title='bbox 447 2829 500 2882; x_wconf 81' lang='lat' dir='ltr'><strong>lroc</strong></span> <span class='ocrx_word' id='word_1_198' title='bbox 527 2825 708 2898; x_wconf 75' lang='lat' dir='ltr'><strong>anaglyphum</strong></span> <span class='ocrx_word' id='word_1_199' title='bbox 736 2826 824 2878; x_wconf 74' lang='lat' dir='ltr'><strong>virum</strong></span> <span class='ocrx_word' id='word_1_200' title='bbox 846 2823 1001 2885; x_wconf 87' lang='lat' dir='ltr'><strong>sedentem,</strong></span> <span class='ocrx_word' id='word_1_201' title='bbox 1032 2820 1079 2890; x_wconf 81' lang='lat' dir='ltr'><strong>qrri</strong></span> <span class='ocrx_word' id='word_1_202' title='bbox 1106 2827 1196 2870; x_wconf 87' lang='lat' dir='ltr'><strong>utrum</strong></span> <span class='ocrx_word' id='word_1_203' title='bbox 1216 2814 1324 2882; x_wconf 84' lang='lat' dir='ltr'><strong>Iupiter</strong></span> 
     </span>
     <span class='ocr_line' id='line_1_26' title="bbox 334 2899 1324 2987; baseline -0.024 -15"><span class='ocrx_word' id='word_1_204' title='bbox 334 2921 373 2972; x_wconf 83' lang='lat' dir='ltr'><strong>sit</strong></span> <span class='ocrx_word' id='word_1_205' title='bbox 391 2936 426 2971; x_wconf 77' lang='lat' dir='ltr'><strong>an</strong></span> <span class='ocrx_word' id='word_1_206' title='bbox 444 2920 603 2987; x_wconf 80' lang='lat' dir='ltr'><strong>Neptunus,</strong></span> <span class='ocrx_word' id='word_1_207' title='bbox 631 2911 750 2965; x_wconf 82' lang='lat' dir='ltr'><strong>Panollsa</strong></span> <span class='ocrx_word' id='word_1_208' title='bbox 768 2912 879 2983; x_wconf 90' lang='lat' dir='ltr'><strong>quidem</strong></span> <span class='ocrx_word' id='word_1_209' title='bbox 898 2929 953 2961; x_wconf 90' lang='lat' dir='ltr'><strong>non</strong></span> <span class='ocrx_word' id='word_1_210' title='bbox 977 2908 1122 2962; x_wconf 80' lang='lat' dir='ltr'><strong>diiudicet.¹</strong></span> <span class='ocrx_word' id='word_1_211' title='bbox 1163 2903 1256 2955; x_wconf 78' lang='lat' dir='ltr'><strong>&#39;l&#39;enet</strong></span> <span class='ocrx_word' id='word_1_212' title='bbox 1275 2899 1324 2953; x_wconf 89' lang='lat' dir='ltr'><strong>ille</strong></span> 
     </span>
     <span class='ocr_line' id='line_1_27' title="bbox 332 2987 1320 3074; baseline -0.022 -16"><span class='ocrx_word' id='word_1_213' title='bbox 332 3009 374 3058; x_wconf 82' lang='lat' dir='ltr'><strong>vir</strong></span> <span class='ocrx_word' id='word_1_214' title='bbox 392 3015 526 3074; x_wconf 88' lang='lat' dir='ltr'><strong>sceptrum</strong></span> <span class='ocrx_word' id='word_1_215' title='bbox 546 3002 628 3054; x_wconf 88' lang='lat' dir='ltr'><strong>simili</strong></span> <span class='ocrx_word' id='word_1_216' title='bbox 646 3001 727 3053; x_wconf 89' lang='lat' dir='ltr'><strong>modo</strong></span> <span class='ocrx_word' id='word_1_217' title='bbox 746 3009 829 3069; x_wconf 87' lang='lat' dir='ltr'><strong>atque</strong></span> <span class='ocrx_word' id='word_1_218' title='bbox 854 3001 882 3050; x_wconf 91' lang='lat' dir='ltr'><strong>in</strong></span> <span class='ocrx_word' id='word_1_219' title='bbox 900 3013 961 3047; x_wconf 80' lang='lat' dir='ltr'><strong>vase</strong></span> <span class='ocrx_word' id='word_1_220' title='bbox 982 3003 1095 3054; x_wconf 80' lang='lat' dir='ltr'><strong>nostro,</strong></span> <span class='ocrx_word' id='word_1_221' title='bbox 1127 2997 1211 3057; x_wconf 80' lang='lat' dir='ltr'><strong>utque</strong></span> <span class='ocrx_word' id='word_1_222' title='bbox 1233 2987 1320 3038; x_wconf 81' lang='lat' dir='ltr'><strong>vesti-</strong></span> 
     </span>
     <span class='ocr_line' id='line_1_28' title="bbox 332 3073 1324 3158; baseline -0.025 -11"><span class='ocrx_word' id='word_1_223' title='bbox 332 3103 377 3148; x_wconf 83' lang='lat' dir='ltr'><strong>tus</strong></span> <span class='ocrx_word' id='word_1_224' title='bbox 404 3101 445 3145; x_wconf 86' lang='lat' dir='ltr'><strong>est</strong></span> <span class='ocrx_word' id='word_1_225' title='bbox 470 3109 545 3144; x_wconf 85' lang='lat' dir='ltr'><strong>more</strong></span> <span class='ocrx_word' id='word_1_226' title='bbox 562 3091 649 3153; x_wconf 77' lang='lat' dir='ltr'><strong>lovis,</strong></span> <span class='ocrx_word' id='word_1_227' title='bbox 681 3105 764 3158; x_wconf 85' lang='lat' dir='ltr'><strong>quum</strong></span> <span class='ocrx_word' id='word_1_228' title='bbox 792 3097 854 3153; x_wconf 83' lang='lat' dir='ltr'><strong>togn</strong></span> <span class='ocrx_word' id='word_1_229' title='bbox 884 3100 968 3153; x_wconf 88' lang='lat' dir='ltr'><strong>usque</strong></span> <span class='ocrx_word' id='word_1_230' title='bbox 999 3081 1033 3132; x_wconf 85' lang='lat' dir='ltr'><strong>ad</strong></span> <span class='ocrx_word' id='word_1_231' title='bbox 1058 3094 1137 3131; x_wconf 79' lang='lat' dir='ltr'><strong>coxas</strong></span> <span class='ocrx_word' id='word_1_232' title='bbox 1165 3073 1324 3126; x_wconf 81' lang='lat' dir='ltr'><strong>delebatur.</strong></span> 
     </span>
     <span class='ocr_line' id='line_1_29' title="bbox 271 3161 1323 3236; baseline -0.024 -2"><span class='ocrx_word' id='word_1_233' title='bbox 271 3211 277 3224; x_wconf 91' lang='lat'>·</span> <span class='ocrx_word' id='word_1_234' title='bbox 331 3183 422 3233; x_wconf 83' lang='lat' dir='ltr'><strong>lovem</strong></span> <span class='ocrx_word' id='word_1_235' title='bbox 441 3188 532 3230; x_wconf 81' lang='lat' dir='ltr'><strong>entem</strong></span> <span class='ocrx_word' id='word_1_236' title='bbox 550 3176 725 3236; x_wconf 81' lang='lat' dir='ltr'><strong>Erichthonio</strong></span> <span class='ocrx_word' id='word_1_237' title='bbox 756 3190 849 3225; x_wconf 85' lang='lat' dir='ltr'><strong>recens</strong></span> <span class='ocrx_word' id='word_1_238' title='bbox 869 3179 933 3222; x_wconf 86' lang='lat' dir='ltr'><strong>nato</strong></span> <span class='ocrx_word' id='word_1_239' title='bbox 964 3168 1059 3220; x_wconf 86' lang='lat' dir='ltr'><strong>adesse</strong></span> <span class='ocrx_word' id='word_1_240' title='bbox 1089 3161 1234 3215; x_wconf 81' lang='lat' dir='ltr'><strong>admodum</strong></span> <span class='ocrx_word' id='word_1_241' title='bbox 1255 3177 1323 3210; x_wconf 88' lang='lat' dir='ltr'><strong>con-</strong></span> 
     </span>
     <span class='ocr_line' id='line_1_30' title="bbox 335 3246 1324 3332; baseline -0.022 -14"><span class='ocrx_word' id='word_1_242' title='bbox 335 3268 427 3329; x_wconf 81' lang='lat' dir='ltr'><strong>venit,</strong></span> <span class='ocrx_word' id='word_1_243' title='bbox 458 3267 496 3318; x_wconf 89' lang='lat' dir='ltr'><strong>ita</strong></span> <span class='ocrx_word' id='word_1_244' title='bbox 514 3273 547 3316; x_wconf 89' lang='lat' dir='ltr'><strong>ut</strong></span> <span class='ocrx_word' id='word_1_245' title='bbox 565 3281 651 3332; x_wconf 87' lang='lat' dir='ltr'><strong>quum</strong></span> <span class='ocrx_word' id='word_1_246' title='bbox 678 3263 767 3312; x_wconf 78' lang='lat' dir='ltr'><strong>Iovem</strong></span> <span class='ocrx_word' id='word_1_247' title='bbox 791 3262 821 3312; x_wconf 85' lang='lat' dir='ltr'><strong>in</strong></span> <span class='ocrx_word' id='word_1_248' title='bbox 848 3256 1000 3324; x_wconf 86' lang='lat' dir='ltr'><strong>anaglypho</strong></span> <span class='ocrx_word' id='word_1_249' title='bbox 1026 3265 1219 3320; x_wconf 80' lang='lat' dir='ltr'><strong>agnoscamus,</strong></span> <span class='ocrx_word' id='word_1_250' title='bbox 1251 3246 1324 3296; x_wconf 90' lang='lat' dir='ltr'><strong>nihil</strong></span> 
     </span>
     <span class='ocr_line' id='line_1_31' title="bbox 335 3339 1321 3423; baseline -0.023 -18"><span class='ocrx_word' id='word_1_251' title='bbox 335 3354 529 3423; x_wconf 87' lang='lat' dir='ltr'><strong>impedimento</strong></span> <span class='ocrx_word' id='word_1_252' title='bbox 551 3367 609 3400; x_wconf 86' lang='lat' dir='ltr'><strong>esse</strong></span> <span class='ocrx_word' id='word_1_253' title='bbox 628 3347 749 3410; x_wconf 83' lang='lat' dir='ltr'><strong>videtur,</strong></span> <span class='ocrx_word' id='word_1_254' title='bbox 779 3363 835 3416; x_wconf 88' lang='lat' dir='ltr'><strong>quo</strong></span> <span class='ocrx_word' id='word_1_255' title='bbox 861 3345 951 3396; x_wconf 88' lang='lat' dir='ltr'><strong>minus</strong></span> <span class='ocrx_word' id='word_1_256' title='bbox 981 3341 1065 3393; x_wconf 83' lang='lat' dir='ltr'><strong>etiam</strong></span> <span class='ocrx_word' id='word_1_257' title='bbox 1084 3339 1115 3391; x_wconf 81' lang='lat' dir='ltr'><strong>in</strong></span> <span class='ocrx_word' id='word_1_258' title='bbox 1131 3351 1195 3386; x_wconf 82' lang='lat' dir='ltr'><strong>vase</strong></span> <span class='ocrx_word' id='word_1_259' title='bbox 1225 3341 1321 3386; x_wconf 92' lang='lat' dir='ltr'><strong>nostro</strong></span> 
     </span>
     <span class='ocr_line' id='line_1_32' title="bbox 333 3422 1322 3494; baseline -0.026 0"><span class='ocrx_word' id='word_1_260' title='bbox 333 3443 419 3494; x_wconf 86' lang='lat' dir='ltr'><strong>virum</strong></span> <span class='ocrx_word' id='word_1_261' title='bbox 440 3443 470 3492; x_wconf 93' lang='lat' dir='ltr'><strong>in</strong></span> <span class='ocrx_word' id='word_1_262' title='bbox 490 3439 560 3492; x_wconf 89' lang='lat' dir='ltr'><strong>sella</strong></span> <span class='ocrx_word' id='word_1_263' title='bbox 578 3437 717 3491; x_wconf 83' lang='lat' dir='ltr'><strong>sedentem</strong></span> <span class='ocrx_word' id='word_1_264' title='bbox 735 3437 825 3488; x_wconf 77' lang='lat' dir='ltr'><strong>lovem</strong></span> <span class='ocrx_word' id='word_1_265' title='bbox 847 3447 904 3484; x_wconf 84' lang='lat' dir='ltr'><strong>esse</strong></span> <span class='ocrx_word' id='word_1_266' title='bbox 925 3429 1056 3480; x_wconf 89' lang='lat' dir='ltr'><strong>dicamus.</strong></span> <span class='ocrx_word' id='word_1_267' title='bbox 1095 3425 1185 3490; x_wconf 81' lang='lat' dir='ltr'><strong>Atque</strong></span> <span class='ocrx_word' id='word_1_268' title='bbox 1204 3422 1234 3472; x_wconf 92' lang='lat' dir='ltr'><strong>in</strong></span> <span class='ocrx_word' id='word_1_269' title='bbox 1254 3437 1322 3470; x_wconf 82' lang='lat' dir='ltr'><strong>ana-</strong></span> 
     </span>
     <span class='ocr_line' id='line_1_33' title="bbox 335 3508 1320 3599; baseline -0.025 -16"><span class='ocrx_word' id='word_1_270' title='bbox 335 3527 435 3599; x_wconf 76' lang='lat' dir='ltr'><strong>glypho</strong></span> <span class='ocrx_word' id='word_1_271' title='bbox 453 3528 503 3580; x_wconf 92' lang='lat' dir='ltr'><strong>illo</strong></span> <span class='ocrx_word' id='word_1_272' title='bbox 523 3528 627 3595; x_wconf 84' lang='lat' dir='ltr'><strong>iupiter</strong></span> <span class='ocrx_word' id='word_1_273' title='bbox 646 3540 741 3576; x_wconf 86' lang='lat' dir='ltr'><strong>scenae</strong></span> <span class='ocrx_word' id='word_1_274' title='bbox 760 3523 812 3591; x_wconf 89' lang='lat' dir='ltr'><strong>ipsi</strong></span> <span class='ocrx_word' id='word_1_275' title='bbox 830 3529 934 3587; x_wconf 86' lang='lat' dir='ltr'><strong>tergum</strong></span> <span class='ocrx_word' id='word_1_276' title='bbox 954 3517 994 3568; x_wconf 77' lang='lat' dir='ltr'><strong>ita</strong></span> <span class='ocrx_word' id='word_1_277' title='bbox 1014 3510 1139 3570; x_wconf 82' lang='lat' dir='ltr'><strong>advertit,</strong></span> <span class='ocrx_word' id='word_1_278' title='bbox 1160 3516 1192 3558; x_wconf 92' lang='lat' dir='ltr'><strong>ut</strong></span> <span class='ocrx_word' id='word_1_279' title='bbox 1208 3508 1320 3560; x_wconf 88' lang='lat' dir='ltr'><strong>nonnisi</strong></span> 
     </span>
     <span class='ocr_line' id='line_1_34' title="bbox 331 3599 1321 3681; baseline -0.027 -9"><span class='ocrx_word' id='word_1_280' title='bbox 331 3617 437 3672; x_wconf 76' lang='lat' dir='ltr'><strong>vultune</strong></span> <span class='ocrx_word' id='word_1_281' title='bbox 456 3616 482 3668; x_wconf 91' lang='lat' dir='ltr'><strong>ei</strong></span> <span class='ocrx_word' id='word_1_282' title='bbox 502 3613 652 3674; x_wconf 79' lang='lat' dir='ltr'><strong>admoveat,</strong></span> <span class='ocrx_word' id='word_1_283' title='bbox 670 3626 740 3681; x_wconf 76' lang='lat' dir='ltr'><strong>quae</strong></span> <span class='ocrx_word' id='word_1_284' title='bbox 762 3608 855 3662; x_wconf 84' lang='lat' dir='ltr'><strong>resin</strong></span> <span class='ocrx_word' id='word_1_285' title='bbox 871 3620 934 3656; x_wconf 83' lang='lat' dir='ltr'><strong>vase</strong></span> <span class='ocrx_word' id='word_1_286' title='bbox 952 3609 1047 3654; x_wconf 86' lang='lat' dir='ltr'><strong>nostro</strong></span> <span class='ocrx_word' id='word_1_287' title='bbox 1067 3599 1105 3652; x_wconf 84' lang='lat' dir='ltr'><strong>ite</strong></span> <span class='ocrx_word' id='word_1_288' title='bbox 1123 3609 1249 3662; x_wconf 79' lang='lat' dir='ltr'><strong>expressa</strong></span> <span class='ocrx_word' id='word_1_289' title='bbox 1270 3602 1321 3658; x_wconf 86' lang='lat' dir='ltr'><strong>est,</strong></span> 
     </span>
     <span class='ocr_line' id='line_1_35' title="bbox 331 3680 1322 3760; baseline -0.025 -4"><span class='ocrx_word' id='word_1_290' title='bbox 331 3713 363 3756; x_wconf 89' lang='lat' dir='ltr'><strong>ut</strong></span> <span class='ocrx_word' id='word_1_291' title='bbox 387 3704 469 3760; x_wconf 81' lang='lat' dir='ltr'><strong>huius</strong></span> <span class='ocrx_word' id='word_1_292' title='bbox 495 3703 565 3756; x_wconf 86' lang='lat' dir='ltr'><strong>latus</strong></span> <span class='ocrx_word' id='word_1_293' title='bbox 596 3715 719 3751; x_wconf 81' lang='lat' dir='ltr'><strong>eversum</strong></span> <span class='ocrx_word' id='word_1_294' title='bbox 744 3694 860 3748; x_wconf 85' lang='lat' dir='ltr'><strong>eundern</strong></span> <span class='ocrx_word' id='word_1_295' title='bbox 891 3690 1026 3744; x_wconf 85' lang='lat' dir='ltr'><strong>ostendat.</strong></span> <span class='ocrx_word' id='word_1_296' title='bbox 1083 3687 1138 3735; x_wconf 81' lang='lat' dir='ltr'><strong>lam</strong></span> <span class='ocrx_word' id='word_1_297' title='bbox 1168 3680 1322 3748; x_wconf 66' lang='lat' dir='ltr'><strong>(praeteritur,</strong></span> 
     </span>
     <span class='ocr_line' id='line_1_36' title="bbox 334 3767 1403 3864; baseline -0.025 -23"><span class='ocrx_word' id='word_1_298' title='bbox 334 3807 468 3864; x_wconf 82' lang='lat' dir='ltr'><strong>quaenam</strong></span> <span class='ocrx_word' id='word_1_299' title='bbox 488 3790 524 3841; x_wconf 88' lang='lat' dir='ltr'><strong>slt</strong></span> <span class='ocrx_word' id='word_1_300' title='bbox 540 3785 611 3839; x_wconf 81' lang='lat' dir='ltr'><strong>vasis</strong></span> <span class='ocrx_word' id='word_1_301' title='bbox 630 3786 731 3838; x_wconf 83' lang='lat' dir='ltr'><strong>femina</strong></span> <span class='ocrx_word' id='word_1_302' title='bbox 749 3784 833 3844; x_wconf 85' lang='lat' dir='ltr'><strong>alata,</strong></span> <span class='ocrx_word' id='word_1_303' title='bbox 855 3779 899 3830; x_wconf 92' lang='lat' dir='ltr'><strong>cui</strong></span> <span class='ocrx_word' id='word_1_304' title='bbox 916 3777 1021 3845; x_wconf 86' lang='lat' dir='ltr'><strong>Iupiter</strong></span> <span class='ocrx_word' id='word_1_305' title='bbox 1040 3778 1158 3840; x_wconf 81' lang='lat' dir='ltr'><strong>pateram</strong></span> <span class='ocrx_word' id='word_1_306' title='bbox 1178 3767 1321 3834; x_wconf 87' lang='lat' dir='ltr'><strong>porrigere</strong></span> <span class='ocrx_word' id='word_1_307' title='bbox 1398 3824 1403 3837; x_wconf 34' lang='lat' dir='ltr'><em>l</em></span> 
     </span>
     <span class='ocr_line' id='line_1_37' title="bbox 330 3853 1321 3946; baseline -0.024 -19"><span class='ocrx_word' id='word_1_308' title='bbox 330 3877 448 3932; x_wconf 83' lang='lat' dir='ltr'><strong>videtur.</strong></span> <span class='ocrx_word' id='word_1_309' title='bbox 484 3876 526 3929; x_wconf 80' lang='lat' dir='ltr'><strong>lsd</strong></span> <span class='ocrx_word' id='word_1_310' title='bbox 554 3891 635 3946; x_wconf 84' lang='lat' dir='ltr'><strong>quam</strong></span> <span class='ocrx_word' id='word_1_311' title='bbox 660 3872 786 3924; x_wconf 79' lang='lat' dir='ltr'><strong>seminam</strong></span> <span class='ocrx_word' id='word_1_312' title='bbox 814 3863 1000 3936; x_wconf 74' lang='lat' dir='ltr'><strong>explicandam</strong></span> <span class='ocrx_word' id='word_1_313' title='bbox 1024 3861 1105 3912; x_wconf 80' lang='lat' dir='ltr'><strong>Amor</strong></span> <span class='ocrx_word' id='word_1_314' title='bbox 1134 3853 1182 3924; x_wconf 80' lang='lat' dir='ltr'><strong>qui</strong></span> <span class='ocrx_word' id='word_1_315' title='bbox 1209 3869 1321 3902; x_wconf 77' lang='lat' dir='ltr'><strong>mansam</strong></span> 
     </span>
     <span class='ocr_line' id='line_1_38' title="bbox 330 3937 1320 4024; baseline -0.028 -10"><span class='ocrx_word' id='word_1_316' title='bbox 330 3964 453 4022; x_wconf 80' lang='lat' dir='ltr'><strong>dextram</strong></span> <span class='ocrx_word' id='word_1_317' title='bbox 472 3963 537 4020; x_wconf 90' lang='lat' dir='ltr'><strong>hnic</strong></span> <span class='ocrx_word' id='word_1_318' title='bbox 555 3961 664 4024; x_wconf 86' lang='lat' dir='ltr'><strong>tendit,</strong></span> <span class='ocrx_word' id='word_1_319' title='bbox 692 3960 806 4012; x_wconf 84' lang='lat' dir='ltr'><strong>multum</strong></span> <span class='ocrx_word' id='word_1_320' title='bbox 825 3953 949 4006; x_wconf 81' lang='lat' dir='ltr'><strong>conferre</strong></span> <span class='ocrx_word' id='word_1_321' title='bbox 969 3947 1098 4005; x_wconf 79' lang='lat' dir='ltr'><strong>uidetur,</strong></span> <span class='ocrx_word' id='word_1_322' title='bbox 1125 3937 1201 4006; x_wconf 89' lang='lat' dir='ltr'><strong>quod</strong></span> <span class='ocrx_word' id='word_1_323' title='bbox 1225 3954 1320 4008; x_wconf 86' lang='lat' dir='ltr'><strong>neque</strong></span> 
     </span>
     <span class='ocr_line' id='line_1_39' title="bbox 328 4027 1320 4106; baseline -0.023 -1"><span class='ocrx_word' id='word_1_324' title='bbox 328 4051 450 4106; x_wconf 82' lang='lat' dir='ltr'><strong>Panosla</strong></span> <span class='ocrx_word' id='word_1_325' title='bbox 468 4067 519 4104; x_wconf 84' lang='lat' dir='ltr'><strong>nec</strong></span> <span class='ocrx_word' id='word_1_326' title='bbox 528 4049 678 4104; x_wconf 84' lang='lat' dir='ltr'><strong>Muellerus</strong></span> <span class='ocrx_word' id='word_1_327' title='bbox 696 4044 955 4104; x_wconf 82' lang='lat' dir='ltr'><strong>animadverterunt.</strong></span> <span class='ocrx_word' id='word_1_328' title='bbox 991 4033 1035 4090; x_wconf 79' lang='lat' dir='ltr'><strong>dd</strong></span> <span class='ocrx_word' id='word_1_329' title='bbox 1049 4043 1127 4099; x_wconf 83' lang='lat' dir='ltr'><strong>quam</strong></span> <span class='ocrx_word' id='word_1_330' title='bbox 1142 4027 1218 4078; x_wconf 56' lang='grc' dir='ltr'><strong>θύω</strong></span> <span class='ocrx_word' id='word_1_331' title='bbox 1237 4027 1320 4076; x_wconf 70' lang='lat' dir='ltr'><strong>aliam</strong></span> 
     </span>
     <span class='ocr_line' id='line_1_40' title="bbox 331 4111 1320 4199; baseline -0.028 -9"><span class='ocrx_word' id='word_1_332' title='bbox 331 4137 461 4199; x_wconf 83' lang='lat' dir='ltr'><strong>seminam</strong></span> <span class='ocrx_word' id='word_1_333' title='bbox 478 4142 560 4193; x_wconf 81' lang='lat' dir='ltr'><strong>Amor</strong></span> <span class='ocrx_word' id='word_1_334' title='bbox 577 4138 606 4190; x_wconf 91' lang='lat' dir='ltr'><strong>in</strong></span> <span class='ocrx_word' id='word_1_335' title='bbox 628 4153 707 4192; x_wconf 85' lang='lat' dir='ltr'><strong>scene</strong></span> <span class='ocrx_word' id='word_1_336' title='bbox 725 4142 825 4186; x_wconf 37' lang='lat' dir='ltr'><strong>fnestra</strong></span> <span class='ocrx_word' id='word_1_337' title='bbox 845 4144 940 4188; x_wconf 83' lang='lat' dir='ltr'><strong>manos</strong></span> <span class='ocrx_word' id='word_1_338' title='bbox 961 4120 1060 4176; x_wconf 84' lang='lat' dir='ltr'><strong>melius</strong></span> <span class='ocrx_word' id='word_1_339' title='bbox 1080 4111 1193 4165; x_wconf 89' lang='lat' dir='ltr'><strong>tendere</strong></span> <span class='ocrx_word' id='word_1_340' title='bbox 1215 4120 1320 4181; x_wconf 89' lang='lat' dir='ltr'><strong>potest,</strong></span> 
     </span>
     <span class='ocr_line' id='line_1_41' title="bbox 330 4199 1380 4303; baseline -0.027 -19"><span class='ocrx_word' id='word_1_341' title='bbox 330 4244 411 4303; x_wconf 80' lang='lat' dir='ltr'><strong>quem</strong></span> <span class='ocrx_word' id='word_1_342' title='bbox 437 4229 471 4283; x_wconf 83' lang='lat' dir='ltr'><strong>ad</strong></span> <span class='ocrx_word' id='word_1_343' title='bbox 489 4229 639 4282; x_wconf 82' lang='lat' dir='ltr'><strong>Minervam</strong></span> <span class='ocrx_word' id='word_1_344' title='bbox 667 4222 769 4294; x_wconf 81' lang='lat' dir='ltr'><strong>ipsam?</strong></span> <span class='ocrx_word' id='word_1_345' title='bbox 804 4219 884 4272; x_wconf 81' lang='lat' dir='ltr'><strong>Aleta</strong></span> <span class='ocrx_word' id='word_1_346' title='bbox 909 4221 951 4266; x_wconf 89' lang='lat' dir='ltr'><strong>est</strong></span> <span class='ocrx_word' id='word_1_347' title='bbox 977 4216 1067 4264; x_wconf 74' lang='lat' dir='ltr'><strong>aulem</strong></span> <span class='ocrx_word' id='word_1_348' title='bbox 1084 4200 1227 4263; x_wconf 65' lang='lat' dir='ltr'><strong>Minerva,</strong></span> <span class='ocrx_word' id='word_1_349' title='bbox 1254 4199 1321 4267; x_wconf 77' lang='lat' dir='ltr'><strong>quia</strong></span> <span class='ocrx_word' id='word_1_350' title='bbox 1375 4263 1380 4274; x_wconf 35' lang='grc' dir='ltr'>ι</span> 
     </span>
    </p>
   </div>
   <div class='ocr_carea' id='block_1_6' title="bbox 0 0 1464 4868">
    <p class='ocr_par' dir='ltr' id='par_1_6' title="bbox 0 0 1464 4868">
     <span class='ocr_line' id='line_1_42' title="bbox 0 0 1464 4868; baseline 0 2"><span class='ocrx_word' id='word_1_351' title='bbox 0 0 1464 4868; x_wconf 95' lang='lat' dir='ltr'><strong> </strong></span> 
     </span>
    </p>
   </div>
  </div>
 </body>
</html>
