2920 4868
571 481 629 506 ,μ-
681 445 830 518 29-

162 667 237 711 cum
262 643 398 709 nomine
423 641 525 717 urhis.
575 640 712 709 Festum
738 643 826 708 enim
842 641 1014 708 Minervae
1038 637 1162 708 cultum
1184 667 1247 736 per

161 769 306 834 Atticam
344 765 516 857 regionem
557 761 711 830 <liliosum
745 765 895 857 attingit,
937 745 1116 857 propterea
1156 763 1250 862 quod

163 890 237 971 dea,
263 907 426 982 quatenus
452 891 538 982 agris
565 887 715 966 colendis
739 907 890 982 praeest,
918 890 1011 980 quasi
1035 913 1155 982 parvos
1178 910 1250 958 tan-

153 1033 230 1095 tum
257 1013 377 1106 agendi
404 1014 485 1096 fines
507 1013 631 1092 habet,
665 1009 756 1076 unde
782 1012 810 1078 si
833 1037 886 1076 res
906 1013 1076 1104 agrarias·
1099 1016 1250 1107 respicis,

161 1138 327 1204 aCcrere
347 1136 527 1219 Eleusinia,
553 1159 638 1228 qnae
664 1131 898 1227 agriculturam
921 1159 984 1227 per
1000 1135 1251 1227 Triptolemum

163 1285 278 1332 omnes
305 1263 395 1328 orbis
419 1280 583 1330 terrarum
614 1256 740 1325 incolas
767 1254 883 1339 docet,
928 1259 1016 1332 bene
1051 1276 1100 1368 est
1132 1258 1251 1328 distin-

162 1383 304 1478 guenda.
354 1383 482 1452 Eadem
504 1386 553 1451 vis
577 1383 672 1475 quasi
711 1381 810 1458 arctis
843 1379 964 1456 linibus
999 1382 1250 1476 circumscripta

160 1508 270 1574 inesse
296 1507 429 1574 videtur
463 1507 594 1576 fabulae
634 1505 684 1572 illi
713 1507 921 1586 certaminis,
961 1503 1054 1598 quod
1080 1507 1252 1580 llinerrae

162 1657 238 1698 cum
264 1631 421 1723 Neptuno
449 1630 492 1698 de
517 1650 606 1698 terra
633 1631 742 1701 Attica
767 1630 845 1716 suit3
867 1630 1072 1702 etenimex
1096 1631 1161 1698 hoc
1187 1632 1250 1700 dea

161 1757 279 1852 victrix
303 1752 465 1836 discedit,
500 1756 579 1848 quia
602 1756 705 1825 Attici
731 1753 951 1848 antiquissimi
964 1807 967 1814 .
982 1770 1107 1822 terram
1137 1755 1250 1824 colere

155 1902 236 1954 ‚mox
261 1878 302 1945 ah
325 1877 545 1946 Erichthonio
572 1875 682 1944 edocti
708 1871 860 1962 sunt15).

258 2002 394 2068 Festum
436 2001 537 2091 igitur
570 2019 722 2068 nosnnm
754 2028 773 2068 a
804 1999 867 2069 dea
898 2002 992 2094 ipsa,
1031 2005 1084 2072 cui
1115 2028 1249 2074 sacrum

162 2144 245 2203 crat,
282 2125 551 2213 cognominatum
576 2122 620 2190 ad
644 2123 788 2190 Atticam
812 2121 921 2190 solum
953 2141 1075 2192 terram
1109 2149 1248 2221 spectat,

123 2237 127 2242 ¹
162 2249 215 2313 cui
247 2247 300 2311 rei
333 2246 436 2312 maius
462 2245 576 2313 lumen
602 2243 695 2312 affert
732 2243 880 2312 secunda
906 2245 949 2314 de
985 2249 1069 2319 sesto
1098 2254 1247 2322 instituto

161 2371 324 2449 narratio,
360 2393 444 2461 quae
469 2371 654 2452 Theseum,
686 2369 813 2436 Atticae
834 2395 968 2464 regem,
1003 2374 1128 2443 incolas
1152 2379 1251 2470 prius.

162 2492 331 2585 dispersos
370 2493 406 2558 in
441 2517 539 2558 unam
576 2493 695 2558 urbem
725 2489 897 2586 collegisse
932 2513 965 2561 et
995 2494 1247 2564 Panathenaea
1274 2507 1280 2516 '

160 2619 308 2710 primum
326 2615 512 2684 celebrasse
534 2614 636 2683 tradit
654 2609 708 2701 16).
758 2617 869 2709 Atque
888 2618 1084 2687 Plutarchus
1107 2619 1247 2714 quidem

125 2731 127 2737 ¹
160 2743 219 2832 has
246 2740 327 2808 duas
353 2740 477 2806 Thesei
506 2740 729 2808 institutiones
763 2738 895 2809 disertis
924 2744 1035 2812 verbis
1063 2747 1248 2839 coniungit:

151 2861 207 2953 ,τὸ
242 2847 342 2931 ἄστυ
375 2859 442 2942 τήν
473 2881 514 2926 τε
548 2857 658 2930 πόλιν
694 2857 851 2942 Ἀθήνας
888 2861 1155 2961 προσηγόρευὰε
1185 2865 1248 2936 καὶ

161 2987 412 3067 Παναθήναια
438 2979 577 3054 θυσίαν
603 2980 748 3066 ἐποίησα
773 2987 912 3074 κοινήν,
949 3015 1035 3084 quae
1066 3015 1121 3058 res
1148 2991 1248 3086 digna

162 3132 230 3196 est,
269 3138 353 3206 quae
375 3111 558 3178 accuratius
592 3109 831 3178 consideretur.
908 3110 1066 3212 Sequitur
1093 3115 1181 3182 enim
1208 3143 1248 3186 er
1284 3135 1287 3142 '

163 3239 229 3305 hoc
255 3236 349 3317 loco,
376 3234 469 3328 quod
491 3259 592 3328 supra
617 3218 740 3316 staini,
771 3259 894 3304 nomen
919 3231 1099 3316 Ἀθήναια
1123 3239 1247 3308 deduci

164 3385 233 3426 non
264 3357 362 3452 posse
395 3385 413 3424 a
447 3359 582 3424 nomine
613 3359 883 3452 n1·his,›quippe
919 3387 1003 3454 quae
1039 3362 1248 3432 Erichthonii

126 3481 131 3494 '
166 3471 695 3578 temporenondum'exstiterit.
766 3483 839 3553 Hoc
870 3485 898 3550 si
930 3483 1034 3558 semel
1067 3489 1247 3571 statuimus,

166 3633 235 3676 non
271 3604 445 3700 estquod
485 3607 583 3674 etiam
611 3604 767 3676 alterum·
784 3629 908 3674 nomen
932 3607 1181 3688 Παναθήναια
1206 3612 1247 3678 ab

166 3733 251 3798 urbe
279 3729 492 3818 deducamus.
543 3727 637 3797 Licet
662 3731 752 3801 enim
786 3754 859 3802 eam
884 3731 928 3798 ob
951 3755 1098 3800 caussam
1123 3734 1249 3828 syllaba

172 3925 451 3946 ω

207 4061 249 4132 15)
267 4058 414 4111 Muellerus
436 4053 514 4127 (Min.
533 4055 588 4108 Pol.
605 4075 630 4127 p.
649 4061 676 4128 7)
706 4075 812 4110 sensnm
834 4059 915 4128 magis
934 4063 1103 4114 reconditum
1125 4063 1188 4115 huic
1208 4065 1249 4116 sa-

274 4147 353 4198 bulae
370 4146 459 4196 inesse
479 4146 636 4214 suspicatur,
654 4161 733 4217 quem
749 4163 803 4198 non
822 4165 879 4198 esse
894 4147 1132 4220 hicquactentlum
1146 4169 1250 4206 censeo.

209 4235 251 4308 ιθ)
270 4233 337 4286 Plut.
357 4232 441 4288 Thes.
462 4250 484 4284 c.
503 4233 545 4288 ai.
583 4233 657 4287 suit.
676 4252 698 4292 r.
710 4251 735 4292 r·
752 4235 956 4302 Παναθήναια.
