2920 4868
655 459 707 476 ·-
757 421 804 494 36
852 449 910 502 w,

211 625 364 692 'tionem
389 637 502 688 secuta
528 643 599 688 esse
627 615 760 700 dieunt,
786 615 877 682 unde
903 616 973 682 eius
999 615 1111 697 verba,
1137 637 1177 680 ex
1204 613 1327 706 quibus

237 742 395 811 Proclum
429 742 539 833 ipsum
573 765 641 808 non
666 757 819 804 accurate
849 738 1156 803 Panathenaeorum
1192 755 1341 832 tempus·

238 868 372 934 scivisse
404 880 567 956 apparet,
607 860 747 928 collecta
782 883 853 925 esse
890 857 1061 924 videntur:
1101 851 1227 922 ταῦτα
1258 851 1327 950 γάρ

237 981 320 1082 περὶ
353 980 421 1053 τὸν
444 977 562 1051 αὐτὸν
596 978 732 1076 χρόνον
757 976 966 1048 ἑπετελεῖτο
996 981 1077 1058 τοῖς
1098 967 1328 1056 Βενδιδείοις.

238 1112 308 1180 Sed
334 1108 515 1178 admodum
539 1105 717 1200 probabile
751 1123 825 1187 est,
863 1097 931 1182 τοίς
963 1097 1045 1198 περὶ
1076 1098 1144 1181 τὴν
1169 1093 1329 1182 Ἀθηνᾶν

242 1229 372 1328 ἑορτάς
398 1257 470 1301 esse
495 1230 664 1324 Plynteria
689 1245 722 1295 et
742 1227 944 1322 Callynteria
968 1253 1053 1321 quae
1076 1233 1222 1321 utraque
1243 1252 1329 1319 pau-

238 1383 356 1426 corum
381 1351 556 1426 intervallo
583 1350 713 1418 dierum
739 1332 880 1418 exeunte
904 1349 1130 1444 Thargelione
1162 1347 1331 1416 celebrata

238 1507 311 1549 esse
338 1495 482 1561 constat5
508 1501 585 1542 nam
611 1494 702 1542 certo
727 1472 923 1541 Aristoteles
948 1472 1115 1554 Rhodius,
1142 1475 1170 1540 si
1196 1471 1239 1540 de
1266 1477 1329 1540 Pa-

238 1604 432 1672 nathenaeis
469 1601 553 1665 haec
591 1599 693 1666 verba
728 1596 956 1688 intelligeret,
997 1597 1226 1664 Panathenaea
1257 1600 1330 1691 ipsa

236 1729 458 1806 nominasset,
485 1725 613 1816 quippe
642 1745 746 1816 quum
768 1720 873 1788 multo
897 1723 1023 1788 maiora
1048 1745 1088 1788 ac
1112 1723 1330 1816 magnificen-

237 1853 322 1918 tiora
348 1865 479 1929 essent,
506 1871 606 1939 quam
631 1845 689 1911 illa
713 1863 864 1939 utraque.
916 1846 1069 1912 Tertium
1099 1844 1247 1940 denique
1275 1872 1329 1913 ar-

238 1991 434 2070 gumentum
481 1970 524 2037 ad
563 1970 651 2036 hanc
693 1970 890 2034 sententiam
930 1995 1022 2036 suam
1063 1969 1329 2038 confirmandam

238 2097 381 2190 sumpsit
404 2095 571 2162 Meursius
594 2118 634 2159 ex
655 2092 751 2159 initio
775 2091 994 2185 Reipublicae
1018 2093 1165 2161 Platonis
1183 2091 1233 2176 9),
1261 2119 1328 2188 quo

236 2221 313 2290 loco
346 2214 416 2296 τὴν
446 2211 540 2284 θεοῖν
573 2217 715 2282 Dianam
742 2239 814 2282 esse
850 2233 882 2282 et
906 2209 973 2292 τὴν
1004 2211 1131 2312 ἑορτὴν
1156 2217 1330 2286 Bendidea

236 2347 273 2412 in
298 2347 424 2412 Dianae
459 2343 624 2408 honorem
654 2357 727 2405 aeta
753 2362 794 2404 ex
827 2339 1044 2432 sequentibus
1078 2342 1188 2408 verbis
1222 2359 1256 2408 et
1286 2363 1327 2408 ex

237 2469 305 2535 fine
339 2467 443 2559 primi
483 2462 702 2557 Reipublicae
739 2460 821 2527 libri
864 2481 1014 2556 apparet.
1088 2464 1189 2532 Unde
1230 2465 1328 2533 etiam

240 2589 360 2655 Strabo
387 2579 432 2676 ¹⁰)
468 2587 560 2652 hunc
584 2585 698 2653 locum
721 2583 906 2677 respiciens
932 2581 1105 2652 Platonem
1134 2587 1328 2656 Bendideo-

237 2735 315 2778 rum
335 2712 540 2777 mentionem
561 2708 672 2776 facere
697 2707 799 2793 ‹licit3
835 2731 946 2801 neque
981 2712 1089 2779 minus
1121 2731 1214 2779 recte
1240 2733 1329 2782 vete-

238 2817 293 2906 rel
317 2835 463 2904 Platonis
489 2836 689 2928 interpretes
713 2833 804 2899 hunc
825 2832 938 2901 locum
962 2835 1161 2929 intelligunt.
1213 2838 1328 2932 Itaque

240 2961 304 3029 alia
349 2960 412 3027 dea
446 2986 466 3026 a
499 2958 637 3026 Platone
674 2981 744 3024 non
780 2958 971 3039 nominata,
1021 2960 1119 3024 etiam
1156 2961 1327 3053 sequentia

241 3085 360 3151 verba:
402 3073 551 3170 λαμπάς
584 3070 694 3147 ἔσται
718 3072 808 3173 πρὸς
832 3073 992 3170 ἑσπέραν
1023 3076 1090 3173 ἀφ’
1131 3070 1249 3149 ἵππων
1281 3085 1329 3176 τῇ

243 3204 316 3298 θεῷ
351 3205 395 3272 acl
427 3206 570 3271 Dianam
600 3200 780 3269 referenda
810 3218 907 3282 sunt,
949 3225 1019 3270 non
1053 3201 1098 3270 ad
1128 3206 1326 3288 Minervam,

241 3389 523 3410 Μ

295 3493 325 3565 9)
344 3495 460 3562 κατέβην
475 3491 542 3559 xiiis
559 3487 587 3546 ἰς
600 3484 728 3556 Πειραιᾶ
747 3485 971 3558 προσευξόμενός
983 3495 1026 3540 ’τε
1044 3487 1082 3559 τῇ
1111 3487 1184 3558 θεῷ
1202 3487 1328 3560 saraipta

347 3571 413 3645 τὴν
430 3568 536 3647 ἑορτὴ
547 3595 564 3630 ν
581 3572 749 3645 βουλόμενος
765 3572 939 3640 θεάσασθαι,
950 3578 1014 3630 stuc
1029 3573 1138 3646 τρόπον
1150 3573 1329 3643 ποιήσουσιν,

352 3665 401 3720 ἅτε
418 3665 472 3721 νῦν
492 3663 607 3736 πρῶτον
623 3661 747 3733 ἄγοντες·
1244 3669 1250 3689 ’

282 3771 324 3841 ιο)
340 3770 373 3822 Χ.
393 3787 419 3838 p.
437 3773 496 3838 47¹·
515 3769 548 3819 D.
585 3766 627 3822 Cf.
645 3765 680 3817 ds
700 3763 845 3818 bendideis
863 3765 995 3817 institutis
1013 3765 1089 3819 Cois.
1107 3765 1329 3837 F.l.11.p.3·1.

349 3857 397 3926 qui
416 3857 444 3906 in
464 3871 496 3906 eo
515 3863 620 3906 tantum
640 3861 720 3916 errat,
739 3852 814 3921 quod
828 3851 987 3920 Cephalum,
1005 3853 1100 3919 Lysiae
1119 3862 1230 3922 patrem,
1248 3873 1330 3924 quern

346 3945 470 3996 Socrates
488 3944 516 3993 in
536 3943 644 3992 Piraeeo
663 3942 789 3992 convenit
798 3979 807 4003 ,
834 3941 903 3990 cirea
928 3939 969 3990 Ol.
990 3957 1022 4010 77
1052 3940 1171 3992 Athenas
1192 3943 1330 4010 appulisse

351 4031 443 4082 refert.
488 4029 555 4081 Nam
582 4045 666 4098 quum
696 4026 830 4096 Cephalus
862 4026 904 4077 Ol.
922 4025 965 4093 84,
989 4045 996 4078 ι
1027 4028 1079 4078 ἰοιο
1107 4036 1227 4080 mortuus
1251 4039 1330 4092 esset,

352 4126 496 4188 postquam
526 4117 638 4184 triginta
670 4133 755 4168 annos
784 4114 899 4168 Athenis
927 4115 1008 4179 vixit,
1036 4124 1149 4186 apparet
1179 4132 1241 4168 curn
1266 4125 1330 4170 ante

352 4205 395 4256 Ol.
416 4207 459 4278 76,
477 4206 491 4254 3
510 4203 562 4254 huc
580 4203 694 4254 venisse.
