2920 4868
553 391 800 466 ...41-

125 614 222 676 sunt,
241 661 247 671 .
264 597 343 687 qnia
376 597 475 665 nimis
508 595 605 663 multi
641 595 712 662 dies
744 595 820 662 festi
853 594 894 660 ab
926 591 1226 662 Hecatombaeohe·

127 743 233 810 usque
260 716 304 785 ad
326 718 587 811 Thargeliouem
612 718 894 799 celebrabantur,
927 717 965 782 in
994 715 1116 808 quihus
1141 711 1221 812 fler-

126 841 272 918 maticon
297 839 504 909 solvendum·
522 858 609 922 erat,
647 860 685 909 ut
718 866 759 908 ex
789 841 868 907 anni
904 817 1229 932 praecidentium.

127 965 216 1031 tione
248 961 455 1056 intelligitur.
517 963 634 1057 Itaque
668 989 773 1058 quum
795 962 925 1032 titulus
945 959 1100 1028 lacunam
1132 962 1221 1026 inter

127 1089 231 1158 verba
255 1085 296 1156 ἐκ
319 1089 387 1166 τῆς
410 1077 548 1165 θυσίας
573 1081 625 1177 τῷ
642 1077 808 1176 Ἄμμωνι
833 1105 866 1154 et
890 1084 929 1152 ἐκ
953 1078 1224 1162 Παναθηναίων

126 1235 195 1278 non
220 1210 400 1303 praebeat,
434 1208 648 1277 statuendum
687 1228 754 1291 est,
792 1208 1023 1276 Panathenaea
1057 1198 1219 1297 (minora)

129 1334 190 1404 sub
213 1334 460 1400 Metoeeiorum
482 1350 612 1426 tempus
632 1351 768 1426 peracta
794 1357 877 1413 esse,
902 1332 1100 1424 praesertim
1118 1353 1224 1424 quum

130 1481 169 1524 ex
193 1455 254 1522 illo
281 1455 515 1522 Demosthenis
535 1454 612 1523 loco
636 1454 783 1538 eluceat,
809 1481 848 1522 ea
880 1473 957 1522 ante
983 1452 1075 1520 diem
1095 1454 1220 1520 mensi's

130 1580 323 1646 vicesimum
346 1577 509 1647 incidere.
576 1580 729 1674 Namque
760 1581 927 1649 Metoecia
963 1579 1112 1646 instituta
1148 1601 1226 1644 oum

129 1701 368 1776 Panathenaeis
393 1703 577 1770 arctissime
603 1703 794 1772 cohaerent.
846 1706 938 1788 Quae
964 1727 1070 1795 quum
1088 1701 1136 1779 ita
1149 1701 1226 1782 sint,
1252 1687 1255 1704 ¹

130 1847 198 1891 uon
224 1823 307 1898 alins
331 1822 403 1891 dies
429 1849 502 1894 sese
527 1825 624 1894 offert
632 1877 644 1909 ,
680 1828 716 1892 in
740 1850 844 1919 quem
868 1826 1001 1894 initium
1025 1823 1124 1892 huius
1150 1821 1225 1896 festi

132 1945 304 2014 transferri
326 1947 450 2039 possit,
483 1973 584 2042 quam
614 1950 672 2042 qui
696 1948 944 2016 Metoeciorum
983 1947 1075 2015 ‹liem
1112 1947 1228 2040 seqni-

134 2086 215 2144 tur,
239 2068 400 2138 videlicet
422 2071 724 2140 Hecatomhaeonis
750 2069 900 2138 decimus
927 2071 1099 2163 septimus,
1126 2094 1229 2162 quam

133 2216 205 2258 rem
241 2193 479 2262 Panathenaeis
514 2193 695 2262 maioribus
734 2193 953 2264 consideratis
997 2192 1228 2266 demonstrare

134 2313 340 2385 studebimus
351 2310 417 2407 -²²).

438 2768 441 2776 Ι
545 2825 708 2900 CAPUT
754 2831 823 2902 JV.
895 2869 897 2874 ·

234 3059 305 3124 Iam
327 3058 409 3125 mihi
436 3077 486 3126 est
510 3053 658 3152 petenda
684 3060 798 3141 venia,
834 3049 928 3150 quod
953 3056 1055 3126 modo
1081 3085 1226 3156 semper,

137 3207 240 3275 qutun
281 3180 324 3247 do
366 3181 421 3247 die
445 3183 755 3252 Panathenaeorum
790 3184 966 3252 aThusco
1001 3186 1227 3252 institutorum

137 3331 296 3398 agerem,
333 3306 563 3372 Panathenaea
602 3311 739 3374 minora
781 3309 922 3388 vocavi,
965 3307 1045 3375 licet
1075 3307 1228 3375 nondum

137 3432 299 3512 sciamus,
326 3428 451 3522 duplex
476 3430 616 3498 Athenis
638 3431 738 3498 fuisse
765 3431 886 3498 festum
909 3433 1226 3498 Pauatlrenaeorum.

138 3550 338 3644 Saepissime
363 3555 452 3620 euim
472 3555 597 3620 mentio
619 3555 658 3622 fit
674 3553 766 3648 apud
788 3557 968 3649 scriptores
981 3555 1227 3622 Panathenaea-

140 3702 215 3742 rum
241 3680 423 3759 maiorum,
464 3678 510 3746 ita
545 3696 676 3760 tamen,
715 3699 752 3749 ut
783 3705 887 3772 quum
922 3679 1006 3748 haec
1045 3703 1114 3746 non
1136 3667 1227 3764 {aute

174 3989 221 4060 aa)
236 3989 314 4041 Petit.
336 3988 417 4060 (legg.
436 3990 490 4041 Att.
508 4007 534 4059 p.
554 3992 599 4063 ao)
626 3990 698 4042 viros
723 3989 921 4044 eruditissimos
945 3995 1154 4051 commemorat,
1182 3989 1230 4057 qui

244 4075 435 4128 Panathenaea
464 4076 567 4128 minora
604 4077 786 4144 Mrrnychi'oue
822 4078 960 4131 celebrata
993 4094 1052 4130 esse
1084 4075 1229 4129 volueriut.

246 4163 345 4216 Nescio
365 4171 472 4228 autem,
490 4164 600 4234 quinam
620 4165 650 4216 ni
668 4166 728 4220 sint.
