2920 4868
527 457 590 475 ....
638 417 789 486 45...

121 615 327 708 temporibus
355 633 425 682 acta
452 615 523 682 ess‘c
546 621 713 707 appareat.
780 612 898 706 Neque
931 615 1020 680 enim
1046 612 1209 680 credibile

121 755 185 817 est,
230 735 328 802 ludos
354 737 524 828 gymnicos
564 753 804 828 equestrcsque
844 732 963 802 eodem
995 733 1050 802 die
1076 737 1207 804 habitos

119 885 214 939 esse,
241 882 311 950 quo
334 857 462 951 peplus'
482 856 661 927 serebatur.
712 858 787 922 Huc
813 854 966 939 accedit,
1000 858 1093 951 quod
1114 859 1211 928 multi

120 985 301 1076 scriptores
333 981 561 1048 Panathenaea
603 1005 666 1075 per
708 978 830 1048 multos
866 979 939 1048 dics
984 980 1121 1048 durasse
1160 981 1213 1050 di-

120 1125 201 1172 cunt
222 1097 287 1196 ¹3),
314 1103 404 1170 unde
427 1105 526 1170 etiam
550 1101 714 1170 Aristides
737 1094 782 1192 ¹4)
816 1104 973 1172 orationis
1005 1129 1083 1171 suae
1108 1108 1214 1174 Pana-

121 1229 294 1296 thenaicae
324 1224 570 1318 longitudinem
603 1207 756 1308 excusat,
799 1225 952 1319 exemplo
989 1245 1085 1294 utens
1106 1229 1222 1311 Pana,

124 1351 275 1418 thenaeis
300 1350 382 1442 ipsis
409 1373 495 1441 quae
518 1371 587 1416 non
612 1371 679 1415 uno
707 1346 762 1414 die
789 1347 915 1417 absolvi
940 1348 1002 1418 sed
1033 1375 1098 1444 per
1127 1351 1214 1420 mul-

122 1492 171 1540 tos
198 1470 272 1538 dies
300 1469 464 1538 celebrari
489 1471 544 1536 ait.
609 1469 725 1562 Itaque
752 1486 786 1536 et
819 1470 907 1537 hanc
940 1473 984 1540 ob
1008 1497 1156 1540 caussam
1181 1493 1215 1543 et

124 1597 165 1664 ob
193 1594 313 1661 multas
339 1618 414 1675 res,
449 1618 534 1686 quae
559 1594 596 1658 in
619 1593 686 1660 hoc
709 1591 792 1660 festo
818 1593 960 1678 fiebant,
1002 1595 1215 1664 statuendum

121 1744 192 1786 esse
220 1741 358 1799 censeo,
390 1716 620 1783 Panathenaea
645 1714 745 1782 serias
772 1718 921 1783 omnium
956 1742 1064 1812 paene
1089 1717 1213 1814 longis·

120 1845 217 1911 simas
244 1861 278 1909 et
301 1842 458 1908 maximas
479 1841 581 1908 fuisse
604 1833 658 1933 Ι5).
1099 1933 1102 1938 1

219 1963 288 2029 Iam
313 1964 414 2054 igitur
440 1964 588 2054 quaestio
621 1967 809 2031 necessaria
847 1989 918 2033 esse
945 1964 1093 2051 videtur,
1130 1989 1213 2063 quot

120 2087 255 2157 tandem
282 2085 353 2152 dies
378 2087 606 2152 Panathenaea
630 2106 663 2154 et
687 2087 817 2154 minora
840 2106 873 2156 et
891 2089 1015 2154 maiora
1038 2091 1213 2184 complexa

119 2217 195 2281 sint.
245 2209 401 2280 Vidimus
428 2210 517 2276 enim
541 2228 721 2303 utrumque
754 2208 875 2276 festum
898 2210 1057 2278 incidisse
1082 2215 1117 2277 in
1142 2213 1213 2280 He-

121 2335 411 2415 catomhaeonem,
437 2351 537 2424 atque
562 2332 607 2398 ita
633 2330 792 2425 quidem,
819 2351 855 2399 ut
881 2335 1010 2400 minora
1033 2341 1213 2427 quotannis

123 2459 391 2538 celebrarentur,
431 2456 556 2522 maiora
578 2479 656 2523 vero
684 2455 780 2521 tertio
816 2455 977 2570 cuiqsque
1000 2455 1211 2552 Olympiadis
1234 2437 1238 2451 .

124 2609 220 2652 anno.
271 2581 390 2674 Neque
416 2581 538 2662 enim‚''
557 2599 595 2647 ut
630 2578 693 2646 alia
718 2592 914 2672 argumenta
937 2605 1039 2673 supra
1064 2607 1212 2650 comme-

122 2725 249 2788 morata
275 2706 444 2784 omittam,
468 2725 615 2769 caussam
639 2701 749 2785 video,
776 2728 837 2768 eur
861 2704 991 2770 minora
1016 2703 1080 2771 alio
1096 2731 1212 2772 mense

123 2848 260 2924 peracta
286 2828 362 2907 sint,
384 2849 423 2890 ac
447 2825 572 2902 maiora
581 2873 590 2905 ,
616 2846 720 2916 quum
745 2827 981 2918 antiquissimis
1002 2830 1211 2921 temporibus

123 2979 228 3020 unum
255 2969 382 3020 tantum
406 2949 715 3014 Panathenacornm
742 2947 863 3015 festum
889 2951 1073 3031 exstiterit,
1115 2953 1209 3018 cuius

122 3075 283 3144 institutio
302 3090 401 3165 atque
427 3068 629 3137 sollemnitas
657 3089 733 3136 cum
757 3070 859 3142 sacris
873 3071 1044 3139 Minervae
1066 3073 1111 3138 ita
1130 3097 1224 3145 cona.

123 3203 236 3268 iuncta
262 3214 351 3278 erat,
385 3213 421 3261 ut
445 3222 463 3262 a
486 3196 600 3288 priseo
625 3195 676 3261 rei
702 3191 821 3261 ordine
848 3193 1015 3264 decedere
1041 3197 1133 3264 nasas
1160 3224 1213 3266 es-

125 3342 182 3391 set.
234 3321 360 3386 Omnes
400 3318 489 3385 euim
520 3316 591 3404 sere
623 3341 695 3399 res,
733 3343 754 3384 a
778 3320 879 3386 sacris
905 3319 1043 3388 alicuius
1070 3319 1126 3386 dei
1152 3321 1213 3387 de-

125 3445 329 3540 pendentes,
362 3445 551 3526 immutatae
577 3444 777 3525 manehant,
814 3445 876 3508 ctsi
907 3441 970 3509 alia
1007 3461 1042 3509 et
1071 3441 1213 3536 quidem

125 3571 265 3635 maxima
287 3569 424 3634 civitatis
448 3568 577 3634 Atticae
603 3568 748 3634 instituta
775 3568 935 3658 temporis
956 3567 1100 3634 decursu
1122 3592 1213 3636 com·

127 3711 248 3792 mutata
269 3709 354 3758 sune
417 3692 546 3758 Verum
568 3692 667 3757 etiam
703 3689 740 3756 id
765 3690 862 3758 nohis
889 3713 1037 3758 caussam
1062 3693 1214 3785 praebet,

126 3881 388 3897 *ιι-*ο*

164 4021 205 4083 13)
224 4015 312 4067 Schol.
334 4016 395 4066 Eur.
419 4013 483 4065 llec.
503 4013 563 4080 464.

164 4105 206 4172 ι4)
227 4101 335 4154 Panath.
355 4119 372 4170 p
407 4101 462 4166 ¹47·
483 4099 559 4151 labb.

165 4194 206 4261 15)
228 4188 318 4243 Schol.
337 4192 380 4243 Ar.
400 4187 471 4243 Nub.
491 4187 550 4240 385.
