2920 4868
561 391 909 480 ‚mtt-

237 589 370 657 nicnses
393 589 526 682 triginta
552 584 670 655 diebus
698 608 773 656 ante
794 581 953 683 Olympia
977 586 1102 681 legatos
1117 585 1216 667 Elim,
1231 587 1330 653 Man-

237 715 361 778 tineam
386 729 419 779 et
443 713 551 804 Argos
577 712 709 779 mittere
730 713 889 780 iubentur
901 763 911 794 ‚
936 730 973 779 ut
997 708 1230 778 iusiurandum
1250 735 1328 777 cum

238 859 440 926 unaquaque
477 835 597 902 barum
632 837 767 903 urbium
803 854 974 903 renovent
1038 835 1177 927 „Argivi
1209 851 1330 914 autem,

237 957 313 1025 Elei
338 976 371 1025 et
391 958 554 1026 Mantinci
574 959 693 1028 decem
717 959 836 1027 diebus
859 978 935 1026 ante
951 960 1179 1026 Panathenaea
1203 957 1333 1060 maiora

238 1081 386 1148 Athenas
412 1082 710 1174 proficiscuntur,“
736 1106 803 1177 quo
831 1107 873 1150 ex
898 1081 974 1150 loco
1001 1083 1138 1147 minime
1169 1083 1333 1173 sequitur,

238 1201 365 1294 legatos
391 1222 550 1297 utrosque
576 1233 642 1274 uno
663 1205 850 1299 eodemque
877 1225 1030 1299 tempore
1044 1204 1157 1272 locum
1181 1205 1338 1270 nancisci*

241 1322 384 1414 debere,
408 1325 511 1395 immo
536 1331 648 1420 potius
665 1329 886 1396 Athenienses
913 1353 1013 1394 unam
1038 1345 1167 1394 tantum
1192 1326 1339 1420 legatio-2

241 1476 320 1519 nem
346 1453 382 1516 in
423 1466 489 1514 tres
520 1448 593 1516 illas
624 1449 724 1516 urbes
754 1452 917 1517 miserunt
939 1447 991 1533 ¹¹).
1051 1449 1190 1516 Constat
1221 1448 1335 1541 igitur,

243 1571 474 1638 Panathenaea
495 1572 621 1637 maiora
657 1572 755 1638 tertio
793 1573 954 1665 cuiusque
982 1568 1194 1663 Olympiadis
1233 1593 1342 1653 anno,

139 1741 144 1752 κ
244 1713 278 1764 et
304 1694 444 1789 quidem
468 1695 783 1776 Hecatombaeone,
807 1713 944 1787 peracta
969 1719 1050 1762 esse.

312 1861 316 1888 ι
348 1817 409 1885 Ille
435 1837 546 1886 antem
567 1817 639 1886 dies
658 1819 964 1892 ‚Hecatombaeonis
978 1815 1211 1897 XXVIIImus,
1234 1839 1341 1908 quem

245 1939 387 2010 Proclus
414 1939 527 2022 affert,
568 1957 620 2006 est
656 1939 728 2010 sine
754 1938 858 2007 dubio
883 1941 981 2007 huius
1006 1939 1083 2008 sesti
1108 1937 1180 2006 dies
1218 1941 1340 2006 summi

246 2063 427 2144 momenti,
451 2063 564 2155 itaque
593 2059 702 2143 idem,
724 2085 792 2155 quo
818 2061 940 2157 peplos
956 2065 1127 2130 Minervae
1152 2064 1189 2127 in
1214 2086 1342 2155 pompa

248 2184 404 2254 sollemni
443 2182 762 2264 circumferebatur,
801 2183 892 2251 unde
927 2186 1025 2252 etiam
1058 2180 1271 2276 Thucydidis
1293 2178 1339 2274 ¹²)

250 2306 353 2376 verba
389 2299 597 2396 περιέμενον
634 2293 675 2371 δὲ
699 2298 950 2384 Παναθήναια
981 2299 1032 2375 aa?
1058 2302 1221 2395 μεγάλα,
1259 2297 1342 2402 ἐνῇ

250 2424 367 2520 μόνον
392 2423 509 2517 ἡμέρᾳ
540 2424 615 2519 οὐχ
647 2416 813 2494 ὕποπτον
844 2423 986 2516 ἐγένετο
1009 2448 1041 2492 κ.
1067 2449 1101 2494 τ.
1127 2426 1162 2497 λ.
1202 2453 1273 2497 non
1298 2432 1344 2497 ita

251 2549 470 2643 intelligenda
511 2568 607 2631 sunt,
643 2569 681 2616 ut
710 2551 898 2644 Hipparchi
937 2569 1089 2645 tempore
1114 2529 1344 2620 Panathenaea

252 2675 379 2742 maiora
404 2697 509 2755 unum
529 2691 657 2740 tantum
680 2672 771 2740 diem
797 2672 972 2768 complexa
989 2678 1071 2761 sint5
1097 2675 1159 2756 ¹sed
1183 2676 1240 2744 hic
1258 2701 1342 2742 unus

254 2797 328 2872 dies
350 2817 401 2868 est
427 2795 501 2880 ille,
545 2819 614 2890 qno
646 2821 774 2864 summa
805 2796 979 2866 sollemnia
1005 2799 1206 2892 agebantur,
1240 2824 1344 2892 quum

253 2944 298 3010 ex
320 2917 524 3014 Thucydide
548 2920 624 3012 ipso
648 2919 882 3011 Hipparchum
903 2917 962 2986 illo
984 2917 1038 2986 die
1063 2922 1099 2986 in
1113 2943 1240 3015 pompa
1262 2946 1345 3015 pro-

255 3040 431 3112 cedentem
456 3041 668 3110 interfeetum
693 3066 764 3108 esse
786 3040 968 3111 videamus.
1018 3040 1192 3110 Ridiculus
1212 3064 1262 3111 est
1283 3046 1345 3138 igia

255 3184 310 3238 tur
333 3165 474 3232 Meursii
496 3189 610 3246 error,
644 3163 703 3257 qui
735 3189 775 3233 ex
800 3164 867 3230 hoc
894 3161 971 3236 loco
1004 3165 1139 3244 maiora
1154 3168 1343 3261 antiquiore

256 3306 417 3380 tempore„
446 3312 552 3354 unum
587 3285 679 3352 diem
706 3282 843 3352 durasse
878 3283 1022 3379 colligit,
1062 3312 1166 3379 quum
1191 3313 1210 3355 e
1233 3289 1345 3362 multis

257 3414 461 3504 scriptorum
481 3410 565 3478 locis
589 3408 678 3477 inira
704 3408 1004 3478 commemorandis
1025 3415 1124 3480 etiam
1145 3411 1209 3478 alia
1233 3415 1270 3479 in
1283 3415 1347 3486 Pa,

257 3535 449 3602 nathanaeis
474 3535 657 3605 maioribus
681 3519 856 3602 sollemnia
885 3532 989 3627 idque
1015 3535 1081 3601 iam
1106 3536 1346 3628 antiquissimis

297 3813 340 3884 tt)
358 3813 446 3866 Etiam
465 3815 619 3867 Clintonius
649 3775 1005 3886 (o.tt.v01.t1.p.224)
1029 3815 1217 3868 Panathenaea
1245 3817 1348 3868 maiora

365 3900 598 3954 Hecatombaeoni
616 3901 761 3966 attribuit,
793 3902 845 3954 nisi
870 3903 945 3972 quod
973 3905 1055 3956 etiam
1079 3920 1113 3954 ex
1129 3902 1267 3954 Demosth.
1289 3904 1347 3960 adv.

364 3988 482 4040 Timocr.
500 4006 527 4059 p.
547 3993 598 4059 708
616 3989 668 4044 hoc
686 3988 801 4059 probaro
819 3990 926 4052 studet,
953 3991 1052 4060 inqua
1071 4006 1100 4043 re
1119 4006 1180 4042 eum
1199 4007 1288 4043 errare
1308 3993 1349 4044 vi-

367 4077 463 4130 dimus,

302 4162 344 4230 ra)
363 4164 407 4217 v1.
427 4167 469 4220 56.
