2906 4882
534 416 777 545 --ῖ89-Ψ

107 611 199 680 inde
233 610 274 675 uh
307 609 360 702 ΩΙ.
389 611 452 676 XV
488 637 505 674 a
542 609 641 678 nudis
675 609 806 677 athletis
837 610 1047 676 habebantur
1061 604 1123 694 ²⁸),
1159 612 1194 674 in

108 735 356 800 Panathenaeis
383 735 584 825 sequebatur
612 747 728 798 cauam
753 749 925 808 ornantur,
951 731 994 798 ad
1010 757 1109 825 quem
1131 755 1220 800 trec,

105 883 239 950 pucros
265 883 375 950 neque
401 859 560 937 iuvenes,
581 857 641 924 sed
666 859 753 924 viros
780 874 906 924 tantum
932 858 990 948 qui
1016 881 1105 921 arma
1137 883 1194 948 ge-

104 1007 192 1052 rere
220 999 393 1072 poterant,
425 979 586 1048 admissos
613 1006 705 1062 esse,
740 1007 757 1048 e
791 979 892 1048 titulis
925 979 1030 1048 allatis
1061 981 1193 1046 scimus.

107 1104 187 1180 Sed
209 1129 321 1197 neque
347 1105 382 1186 in
415 1105 498 1170 vasis
525 1105 775 1172 Panathenaicis
804 1105 901 1171 huius
936 1129 1050 1171 cursus
1085 1106 1194 1195 imago

106 1230 206 1324 picta
231 1227 328 1296 nobis
355 1245 528 1318 superest,
551 1252 664 1319 neque
689 1229 759 1294 eius
782 1225 1027 1322 longitudinem
1040 1243 1195 1294 accurate

108 1350 257 1416 definire
283 1373 479 1441 possumus,
506 1339 611 1442 quoni
634 1352 872 1442 inscriptiones
901 1351 1036 1418 nonnisi
1065 1349 1194 1442 simpli·

109 1475 160 1540 cis
186 1465 345 1542 ὁπλίτου
370 1464 744 1566 δρόμου.ωεηῑὶοηεω
765 1471 894 1551 saciant
945 1473 1015 1542 Sed
1037 1471 1194 1539 ludorum

109 1621 250 1664 cursum
274 1615 436 1664 armatum
461 1598 672 1690 sequentium
700 1599 797 1664 etiam
822 1599 921 1690 pueri
947 1596 1193 1664 adolescentes-

37 1803 43 1825 λ
109 1747 180 1813 que
203 1721 384 1814 participes
411 1738 523 1801 erant,
549 1723 593 1786 ita
619 1739 655 1787 ut
679 1747 804 1802 caussa,
833 1721 1037 1814 curbipost
1059 1743 1193 1786 cursum

108 1863 276 1914 armatum
301 1845 521 1924 haberentur,
543 1847 579 1910 in
605 1871 644 1912 co
670 1847 779 1938 posita
805 1871 877 1912 esse
902 1845 1068 1924 videatur,
1100 1841 1193 1938 quod

103 1967 206 2062 apud
229 1967 452 2034 Athenienses
480 1955 582 2036 moris
606 1987 686 2048 erat,
712 1969 860 2060 primum
884 1967 982 2036 ludos
1007 1967 1193 2064 pedestres,

109 2111 184 2158 tum
212 2109 384 2188 equestres
411 2108 510 2183 atque
537 2089 668 2156 curules
691 2091 811 2160 secere.
862 2093 982 2182 Neque
1014 2115 1095 2156 vero
1130 2090 1191 2154 ho-

109 2239 188 2287 rum
216 2212 300 2281 ordo
328 2239 445 2280 severe
477 2214 674 2292 tenebatur,
706 2239 809 2306 quum
843 2240 883 2280 ex
918 2213 1192 2304 inscriptionibus

111 2335 254 2431 quidem
278 2363 347 2414 non
373 2340 408 2404 in
432 2339 623 2430 quibusque
638 2339 875 2404 Panathenaeis
899 2339 1009 2404 nurnia
1034 2335 1192 2410 ludorum

110 2487 236 2556 genera
259 2462 371 2532 habita
397 2487 468 2528 esse
493 2461 674 2528 videamus.

212 2587 409 2676 Priusquam
444 2602 554 2652 tamen
593 2610 633 2650 ex
665 2609 708 2652 eo
739 2584 833 2654 titulo
869 2587 927 2678 qui
964 2583 1191 2678 plenissimam

111 2707 273 2804 latiorum
309 2707 630 2774 Panathenaicorum
670 2710 790 2800 seriem
834 2710 1004 2791 continet,
1043 2706 1190 2800 singulos

32 2816 34 2834 ¹
111 2830 212 2898 ludos
239 2855 487 2910 enumeremus,
514 2834 717 2898 mentionem
740 2815 896 2900 faciamus
917 2857 1031 2902 earum
1048 2832 1190 2922 ampho-

111 2981 240 3037 rarum,
265 2943 406 3047 quarum
422 2953 506 3020 lotus
533 2979 682 3022 aversum
710 2979 809 3021 cursu
837 2957 984 3048 equestri
1004 2954 1056 3020 vel
1084 2951 1190 3022 curuli

112 3096 268 3147 ornatum
285 3097 353 3150 est,
403 3067 497 3148 Duos
526 3078 616 3144 enim
640 3103 763 3170 pueros
788 3077 917 3160 nudos,
945 3079 1003 3170 qui
1029 3103 1116 3186 equp
1143 3082 1190 3144 cia

111 3220 180 3273 tato
203 3203 383 3284 vehuntur,
412 3202 510 3272 nohis
542 3202 722 3270 ostendunt
751 3181 826 3270 vasa
850 3205 936 3270 Mus.
965 3206 1076 3272 Princ.
1108 3206 1189 3275 Can.

116 3327 212 3397 1202
246 3344 279 3391 et
302 3323 518 3408 Feoliannm,
551 3328 618 3392 iam
652 3326 778 3394 editum
813 3329 848 3396 in
875 3329 969 3398 Mon.
1006 3327 1085 3394 dcll'
1111 3329 1189 3394 lust.

112 3447 222 3528 XXII,
246 3449 280 3528 3,
305 3437 358 3531 hL,
379 3467 534 3542 quattuor
557 3470 666 3516 autem
691 3451 858 3543 equitibus
885 3454 943 3544 qui
966 3451 1084 3516 itidem
1109 3449 1190 3515 ado-

113 3571 280 3638 lescentes
306 3572 475 3638 imberbes
507 3599 578 3639 esse
611 3573 784 3651 videntur,
819 3574 990 3667 depictum
1023 3594 1072 3641 est
1105 3572 1189 3640 latus

112 3717 265 3765 aversum
299 3696 479 3786 amphorae
503 3697 589 3765 Mus.
621 3698 729 3764 Prius.
758 3698 839 3769 Can·
863 3723 895 3764 n.
924 3693 1015 3768 1111
1034 3695 1104 3783 ²9),
1130 3699 1189 3790 qui

148 4025 193 4095 28)
210 4021 251 4074 ad
270 4041 350 4093 qurum
370 4027 498 4080 Bocchhii
516 4029 556 4096 (C.
576 4032 593 4080 l.
614 4031 674 4083 vot.
692 4034 711 4082 1.
728 4039 758 4102 'p
778 4035 840 4103 554)
864 4038 1025 4088 sententiam
1046 4040 1188 4090 accessisse

174 4188 176 4194 Ι
216 4109 324 4168 videtur
343 4115 475 4166 ttttlerus
494 4107 615 4187 (Handb'.
635 4119 661 4169 d.
678 4120 802 4173 Archinl.
822 4121 869 4174 Eu.
885 4126 920 4175 tt.
941 4123 961 4194 1-
977 4125 1037 4186 336,
1056 4127 1092 4196 a.)

148 4198 193 4265 ας)
213 4195 309 4250 Editae
326 4202 354 4262 ju
373 4203 444 4260 Mon.
466 4201 530 4256 dell'
545 4206 610 4259 lust.
630 4207 697 4258 xxi.
713 4227 737 4278 9,
759 4209 784 4264 b.
838 4279 842 4285 .
