2906 4882
652 345 921 418 -10lu-

242 548 436 626 subsistunt,
462 564 499 611 ut
512 546 640 638 equites
656 542 875 627 adscendunt,
899 571 965 638 qua
987 570 1026 612 re
1051 547 1075 612 ii
1101 549 1160 639 qni
1179 571 1329 640 sequun-

246 690 309 751 tur,
335 670 577 762 prohibentur,
604 670 782 760 quominus
807 669 925 760 primis
952 671 1122 762 equitibus
1148 695 1182 738 se
1209 669 1330 738 adiun-
1430 745 1431 752 χ

245 812 331 886 gant.
384 792 452 859 Alii
480 792 627 885 denique
655 814 759 885 equos
786 790 913 858 alacres
940 794 998 886 qui
1024 817 1060 860 se
1089 812 1237 861 arrectos
1265 794 1331 861 tol-

241 916 336 999 lunt,
370 918 414 984 ita
440 915 576 984 domare
602 913 754 996 student,
790 931 827 980 nt
859 914 978 983 melius
1008 918 1201 1010 rectiusque
1234 919 1331 985 ince-

246 1040 335 1110 dant.
395 1041 484 1125 Quin
519 1040 624 1123 etiam¹
650 1064 735 1106 unus
771 1040 943 1132 equitum,
978 1065 1081 1134 quem
1116 1065 1223 1133 equus
1255 1043 1330 1109 sine
1431 1040 1432 1058 ¹

242 1164 346 1234 dubio
373 1164 514 1260 deiecit,
538 1165 630 1230 hunc
655 1163 766 1257 flagris
793 1187 948 1230 caesurus
983 1182 1041 1231 est
1097 1166 1329 1257 Quaecunque

219 1290 341 1383 ‘igitur
375 1289 441 1356 hoe
473 1286 558 1354 latus
592 1285 697 1354 oculis
731 1287 953 1380 spectantium
984 1285 1099 1368 offert,
1142 1286 1332 1356 inordinata

244 1431 345 1506 atque
371 1411 593 1505 incomposita
616 1435 687 1478 esse
718 1409 885 1492 videntur,
916 1411 977 1478 etsi
1008 1411 1073 1478 bac
1097 1411 1171 1504 ipsa
1195 1435 1233 1478 re
1261 1435 1332 1480 om-

243 1539 346 1604 nibus
372 1536 485 1632 figuris
517 1560 556 1605 eo
591 1533 669 1629 plus
695 1536 817 1629 vigoris
847 1553 1024 1627 motusque
1050 1536 1092 1602 ab
1118 1536 1246 1604 artifice
1275 1535 1332 1603 da-

241 1679 312 1730 tum
340 1685 412 1728 esse
437 1682 536 1727 nemo
558 1659 701 1752 negabit
741 1661 815 1744 Qus
839 1657 947 1739 nolit,
973 1676 1011 1725 ut
1035 1660 1095 1726 toti
1120 1657 1217 1726 lateri
1243 1661 1332 1728 occi-

243 1783 373 1854 dentali
416 1781 502 1850 desit
544 1781 715 1850 sollemnis
754 1779 919 1875 quaedam
956 1799 1074 1848 nature
1117 1801 1150 1850 et
1185 1781 1331 1876 indoles,

244 1933 332 2002 quae
352 1926 422 1975 tum
440 1904 575 1974 demum
588 1929 752 1999 apparere
777 1905 906 1998 incipit,
932 1928 999 1998 quo
1024 1907 1128 1998 magis
1149 1905 1333 1999 figureele-

247 2033 311 2100 teri
335 2029 549 2098 meridionali
574 2031 859 2123 appropinquant

354 2154 432 2222 Non
458 2173 508 2222 est
531 2152 879 2249 praetermittendum,
904 2154 1033 2247 equites
1056 2177 1277 2247 quoscunque
1300 2155 1335 2220 in
1433 2159 1434 2186 ³

250 2281 355 2349 latere
389 2277 592 2348 occidentali
624 2279 871 2371 conspicimus,
905 2279 1002 2346 sicuti
1030 2300 1086 2345 eos
1124 2301 1193 2344 non
1217 2278 1334 2357 minus,

253 2407 312 2498 qui
337 2407 374 2472 in
399 2405 473 2498 ipsa
492 2427 618 2497 pompa
640 2397 848 2496 procedunt,
874 2423 944 2468 non
975 2399 1083 2468 solum
1107 2401 1247 2482 vestitu,
1278 2399 1335 2468 sed

252 2531 353 2594 etiam
377 2495 483 2594 aetate
507 2525 649 2592 multum
671 2526 760 2590 inter
782 2548 817 2590 se
844 2522 1000 2608 differr03
1022 2549 1169 2617 nemque
1196 2523 1253 2592 alii
1280 2548 1336 2590 ne-

259 2676 327 2743 que
351 2668 470 2744 petaso
495 2672 559 2716 nee
581 2646 687 2740 galea,
706 2645 767 2714 sed
784 2645 855 2714 sola
871 2645 1059 2742 chlamyde,
1087 2646 1143 2714 alii
1162 2645 1335 2740 chlamyde

259 2759 446 2854 ettamen,
471 2770 524 2840 vel
546 2769 616 2838 sola
643 2771 770 2854 tunica,
797 2769 853 2836 elii
880 2769 1028 2864 denique
1053 2771 1107 2838 vel
1133 2768 1335 2864 subligaculo

257 2897 310 2964 vel
334 2896 440 2964 lorice
462 2895 571 2964 induti
597 2912 682 2962 suut
733 2894 873 2964 Plurimi
899 2917 978 2962 vero
1006 2896 1113 2987 capite
1140 2910 1257 2987 aperto
1282 2917 1336 2960 ve-

255 3021 382 3088 huntur
404 3043 515 3112 equo,
549 3036 582 3086 et
612 3021 712 3114 pauci
738 3035 866 3085 tantum
891 3017 984 3111 gelen
1011 3016 1066 3085 vel
1089 3035 1205 3112 petaso
1230 3016 1336 3084 induti

257 3161 342 3210 sunt.
395 3139 495 3226 Quod
520 3161 677 3210 utrum-e
702 3141 872 3235 sculptore
900 3140 1083 3208 clarissimo
1106 3139 1150 3207 dc
1174 3139 1336 3208 industria

259 3269 303 3334 ita
330 3265 455 3335 factum
479 3266 530 3347 sit,
556 3291 674 3347 necne,
702 3263 862 3357 equidem
886 3287 956 3331 non
975 3263 1237 3334 diiudicaverim.
1273 3264 1337 3331 Ne·

217 3431 222 3436 ·
261 3415 328 3483 que
354 3414 433 3460 vero
460 3387 547 3457 ullus
575 3373 725 3483 equitum
757 3388 859 3483 plane
889 3387 1012 3456 nudus.
1033 3408 1097 3474 est,
1130 3415 1209 3457 nem
1235 3389 1337 3483 ephe-

260 3515 324 3580 bus
348 3511 521 3605 ille,'qui
547 3535 639 3604 pone
675 3537 799 3606 equum
825 3530 888 3581 stat
908 3507 976 3597 Ι4),
1005 3514 1059 3580 cui
1093 3537 1190 3606 agaso
1227 3512 1336 3580 frenos

260 3634 443 3730 additurus!
471 3617 542 3718 est,
588 3633 800 3730 chlamydem
833 3639 905 3704 sine
936 3636 1040 3704 dubio
1074 3635 1215 3709 induere
1255 3635 1337 3718 vult,

267 3782 371 3856 quum
395 3761 431 3826 in
455 3759 554 3828 buius
580 3759 692 3829 luteris
716 3760 933 3832 occidentalis
958 3761 1025 3832 fine
1051 3760 1166 3832 similis
1189 3761 1337 3856 ephebus

261 3983 516 3998 Μ’·-

306 4113 347 4183 14)
365 4115 395 4166 In
414 4111 469 4168 tab.
487 4132 578 4168 murm.
598 4134 624 4170 n.
645 4117 687 4187 48.
710 4115 779 4170 Mus.
797 4117 858 4171 Brit.
