2906 4882
661 410 913 482 ..fig-

240 624 418 700 uunmque
445 631 598 674 vasorum
624 606 707 674 latus
734 609 844 702 prisca
869 608 997 676 ratione
1022 609 1152 701 pictum
1177 629 1249 692 cst,
1275 611 1337 678 sed

237 757 356 824 magna
381 747 432 800 est
457 729 664 812 differentia,
689 732 716 798 si
743 749 850 798 artem
872 749 1022 826 spectas,
1048 734 1137 800 inter
1162 733 1252 802 latus
1278 734 1337 800 ad-

238 881 372 922 versum
401 856 577 923 Minervae
608 873 735 924 vetusto
766 853 944 924 simulacro
976 863 1131 924 ornatum
1143 905 1154 937 ,
1192 874 1226 922 et
1249 855 1337 926 latus

239 1005 401 1060 aversum,
426 981 464 1046 in
489 1004 556 1073 qno
583 980 672 1047 varia
692 978 751 1044 illa
776 977 995 1046 certaminum
1020 979 1256 1073 gymnicorum
1280 1007 1338 1076 gc·

239 1127 322 1168 nera
357 1101 610 1194 conspiciuntur
635 1097 702 1185 ¹¹);
743 1100 789 1166 ita
827 1116 872 1172 ut
901 1099 968 1168 hoc
1001 1098 1088 1168 latus
1125 1105 1251 1196 optime
1277 1131 1338 1172 nos

239 1222 394 1304 edoceat,
428 1244 590 1320 qusntnm
614 1225 756 1293 artifices
793 1225 830 1292 in
861 1225 914 1292 his
948 1225 1050 1294 rebus
1076 1226 1224 1294 studium
1249 1253 1335 1324 ope·

239 1373 378 1442 samque
404 1349 612 1420 collocarint.
673 1352 760 1417 Fere
800 1349 912 1418 omnia
947 1351 1038 1418 enim
1070 1377 1149 1418 vasa
1171 1353 1338 1420 Panathe-

237 1474 333 1540 naico
359 1496 444 1565 qtiac
470 1475 622 1542 Etruriae
648 1473 822 1568 scpulcra,
857 1474 940 1568 quin
966 1475 1067 1541 etiam
1092 1499 1130 1564 aa
1152 1502 1240 1568 quac
1261 1479 1335 1544 Ma·

238 1621 304 1688 gna
328 1595 469 1663 Graecia
502 1612 536 1661 ct
566 1594 679 1664 Sicilia
713 1594 810 1661 nobis
837 1592 1028 1674 dederunt,
1065 1612 1132 1660 tam
1156 1595 1335 1690 diligenter

239 1716 374 1810 depicta
399 1732 495 1796 sunt,
531 1735 568 1782 ut
598 1716 651 1784 vel
676 1715 864 1782 laevitatem
893 1714 1141 1810 polituramqnc
1181 1745 1335 1788 vasorum
1381 1755 1383 1762 v
1438 1757 1439 1764 ι

241 1842 449 1910 Nolanorum
475 1865 618 1933 aequare
636 1838 821 1909 videantur.
871 1841 1119 1932 Burgonisnum
1144 1860 1258 1912 tamen
1283 1869 1335 1914 so·
1438 1861 1439 1884 ¹

240 1962 313 2033 lum
339 1990 393 2032 vas
404 2012 415 2046 ,
441 1960 536 2056 quod
561 1962 656 2055 quasi
682 1958 854 2053 exemplar
885 1960 1095 2056 reliquorum
1121 1965 1336 2034 consideran·
1438 1991 1439 1994 ¹

240 2087 323 2154 dnm
362 2105 431 2170 cst,
466 2086 565 2154 etiam
608 2085 821 2153 vetustiorem
858 2086 1010 2178 picturae
1049 2086 1162 2154 stilum
1197 2090 1333 2174 indicat,

240 2237 341 2306 quam
367 2209 449 2294 alia,
474 2235 559 2304 quac
584 2234 639 2277 res
664 2232 734 2276 non
759 2207 869 2276 solum
893 2211 929 2274 in
947 2211 1121 2280 Minervae
1144 2215 1332 2294 simulacro,

237 2335 436 2430 pracsertim
473 2334 509 2400 in
543 2333 612 2400 eius
638 2332 784 2426 simplici
817 2333 1029 2416 vestimento,
1068 2335 1129 2402 scd
1162 2338 1263 2404 etiam
1299 2342 1332 2406 in

238 2460 395 2551 aurigae,
429 2482 532 2550 quem
555 2455 640 2522 latus
666 2478 819 2522 aversum
852 2453 1021 2536 ostendit,
1065 2457 1150 2525 facie
1176 2461 1333 2556 vultuque

237 2580 392 2672 conspici
416 2595 535 2671 potest
587 2577 702 2671 Itaque
738 2600 807 2643 non
833 2577 1000 2646 immerito
1029 2580 1095 2647 hoc
1128 2607 1182 2650 vas
1207 2588 1333 2679 Burgo-
1437 2659 1438 2662 Ἴ

238 2704 375 2772 nianum
401 2729 441 2768 ex
465 2704 557 2796 ipso,
584 2704 677 2769 cuius
704 2700 816 2768 stilum
841 2699 1022 2796 litterasque
1049 2705 1215 2797 praebet,
1251 2727 1333 2776 tcm-
1437 2735 1438 2798 ι

238 2853 323 2924 pore
360 2827 523 2920 originem
537 2835 540 2842 “
555 2825 688 2892 trahere
727 2822 906 2890 collectum
932 2842 991 2891 cst.
1055 2828 1147 2922 Quae
1177 2855 1231 2897 res
1265 2856 1333 2898 non

238 2955 348 3020 minus
388 2979 489 3048 quam
513 2950 687 3043 inscriptio
715 2949 824 3015 statim
862 2946 1106 3017 consideranda
1140 2955 1334 3044 opinionem

239 3079 394 3164 vasorum
417 3077 453 3142 in
478 3075 611 3142 Etruria
635 3074 803 3140 aGraccis
829 3072 1001 3153 factorum,
1024 3099 1125 3166 quam
1138 3075 1333 3142 Ger-hardus

240 3199 364 3294 aliique
388 3201 452 3266 viri
477 3197 660 3268 doctissimi
685 3195 806 3265 elocuti
831 3213 932 3280 sunt,
967 3197 1163 3266 confirmare
1189 3200 1332 3268 videtur.

341 3324 489 3406 Quarum
514 3321 662 3386 omnium
687 3321 925 3414 amphorarum
959 3319 1044 3389 latus
1070 3321 1247 3390 adversum
1272 3347 1333 3390 no-

239 3446 293 3512 bis
317 3443 465 3514 ostendit
489 3444 675 3511 Minervam
700 3440 762 3528 ¹²),
801 3443 951 3510 indutam
983 3446 1094 3514 tunica
1118 3445 1238 3540 longa,
1279 3448 1331 3516 cui

238 3623 465 3642 ffl—

277 3744 320 3815 ιι)
341 3741 382 3794 Cf.
403 3739 486 3794 Gsrh.
507 3742 653 3809 Bapporto.
672 3755 699 3808 p.
719 3720 764 3792 ai.

279 3849 322 3920 ια)
339 3845 441 3898 Omnes
460 3843 599 3895 hominum
618 3843 702 3911 nigris
721 3839 857 3895 coloribus
875 3842 904 3894 ia
916 3843 986 3895 vasis
1003 3844 1136 3912 pictorum
1155 3843 1239 3898 facies
1258 3845 1332 3898 obli-

340 3949 412 4004 qoss
431 3933 521 4001 pictae
542 3939 620 3996 sunt,
648 3929 688 3982 ita
715 3938 746 3982 ut
772 3947 852 3982 unam
872 3937 978 3982 tantum
997 3949 1107 4000 genam,
1132 3949 1179 3985 sen
1200 3932 1332 3996 dextram,

306 4043 309 4054 ·
341 4038 389 4074 scu
406 4019 542 4072 sinistram
557 4017 667 4084 videas,
691 4019 759 4089 qnia
786 4019 868 4070 etism
898 4026 974 4082 tum,
1002 4036 1086 4089 quum
1106 4021 1227 4089 corporis
1245 4023 1330 4073 totius

338 4109 411 4162 latas
430 4107 571 4159 adversum
601 4107 752 4176 conspicis,
782 4114 878 4175 caput,
911 4107 990 4158 sicuti
1019 4108 1048 4159 in
1072 4109 1232 4178 anaglyphis
1266 4111 1331 4161 artis

342 4196 499 4270 aegyptius
516 4211 564 4249 seu
587 4195 623 4248 ad
653 4193 772 4248 dextram
802 4210 851 4247 seu
876 4193 911 4245 ad
941 4195 1078 4248 sinistram
1103 4213 1263 4250 conversum
1281 4205 1330 4250 cst
