2920 4868
672 393 917 464 ...56-

245 609 316 658 tum
340 587 577 658 Panathenaeis
598 591 665 658 hoe
686 590 810 658 sactum
835 616 906 660 esse
933 610 1092 686 apparet,
1114 617 1220 685 quum
1247 619 1326 686 qua-

246 713 287 780 lis
321 715 364 781 sit
396 714 494 780 huius
531 715 638 806 inepti
661 716 850 807 scriptoris
876 714 961 783 fides
1002 739 1104 807 supra
1132 702 1332 798 viderianus3

244 838 442 931 praesertim
468 849 573 929 quum
610 833 692 902 alius
723 834 817 904 locus
854 839 997 904 inveniri
1027 861 1096 904 non
1117 841 1241 930 possit,
1275 842 1331 932 qui

246 985 323 1026 eum
345 960 409 1026 isto
430 959 623 1026 consentiat.
666 927 814 1032 fluidas.
832 961 940 1044 enim,
981 958 1212 1052 lexicographi
1229 954 1262 1050 l)
1287 982 1334 1030 at·
1395 977 1397 980 ’

246 1109 313 1178 que
335 1079 491 1152 nonnulli
516 1080 711 1150 scholiastae
729 1075 760 1171 ⁵)
780 1083 846 1150 hoe
872 1082 916 1150 de
940 1083 1181 1150 Panathenaeis
1208 1083 1336 1176 simpli-

245 1209 328 1274 citer
349 1205 506 1285 tradunt,
543 1203 647 1272 nihil·
665 1203 858 1274 adiicientes
892 1231 948 1282 ex,
975 1231 1044 1300 quo
1079 1206 1123 1274 de
1153 1208 1335 1276 maioribus

246 1347 372 1400 tantum
398 1329 556 1422 eolligere
588 1331 762 1422 possimus.
831 1329 951 1422 Neque
982 1331 1082 1396 etiam
1114 1355 1155 1397 ex
1187 1328 1247 1396 illo
1284 1355 1339 1398 co·

247 1457 327 1528 miei
354 1453 430 1522 loeo
467 1450 652 1546 quidquam
683 1449 726 1520 de
760 1451 824 1524 hae
855 1477 898 1518 re
933 1451 1071 1522 deliniri
1096 1450 1199 1535 licet,
1234 1471 1340 1546 quum

247 1578 476 1646 Panathenaea
499 1573 695 1668 sianpliciter
717 1592 832 1644 voeata
862 1599 932 1646 non
955 1577 1068 1642 minus
1084 1594 1184 1684 'seete
1209 1579 1340 1644 minora

250 1723 322 1768 esse
346 1700 497 1791 possint,
521 1723 623 1790 quam
647 1699 792 1778 maiora*
806 1699 869 1766 etsi
892 1698 1060 1768 Ranarum
1083 1698 1196 1766 sabula
1220 1700 1340 1794 Olym·

246 1821 356 1915 piadia
379 1845 465 1891 anuo
491 1822 588 1890 tertio
613 1838 687 1888 aeta
711 1837 785 1900 est,
808 1847 874 1913 qua
898 1823 1023 1894 maiora
1044 1821 1146 1891 modo
1172 1821 1342 1896 celebrata

249 1963 352 2018 erano
404 1945 613 2038 Quemquam
637 1945 727 2016 enim
749 1946 918 2015 comicum
942 1943 986 2012 de
999 1947 1238 2016 Panathenaicis
1259 1971 1349 2042 pro.

248 2065 638 2147 uinesantecedentihus
662 2065 758 2160 loqui
783 2067 960 2138 verisimile
980 2087 1039 2152 est,
1065 2089 1177 2141 tamen
1201 2074 1341 2140 minime
1452 2107 1453 2130 t

250 2195 419 2286 sequitur,
440 2193 480 2264 jn
503 2192 683 2271 maioribus
705 2171 854 2272 tantun,
889 2215 959 2260 non
990 2194 1028 2258 in
1049 2195 1236 2264 minorihus
1260 2194 1343 2262 lam-

249 2315 396 2410 padibus
422 2331 583 2385 casatum
609 2331 690 2384 esse.
752 2313 858 2382 Immo
883 2316 1145 2407 potitn1au'etou
1169 2317 1344 2411 Etymolo-

255 2444 324 2532 gici
347 2443 394 2516 M,
413 2432 445 2530 ⁶)
482 2451 597 2532 aperte
631 2457 682 2508 ter
716 2443 902 2529 quotannis
925 2440 1065 2508 Athenis
1098 2440 1343 2537 lampadepho·

253 2567 318 2632 uias
343 2567 505 2632 exstitisse
521 2562 635 2645 dicit,
673 2560 833 2630 videlieet
856 2565 1047 2646 Minervae,
1073 2564 1235 2648 Vulcani,
1260 2568 1344 2637 Pro-

255 2688 395 2770 methei,
433 2686 529 2781 quod
553 2687 644 2754 id'em
676 2711 797 2779 parum
821 2706 974 2758 accurate
1008 2686 1127 2758 suidas
1158 2689 1344 2782 significare

258 2809 390 2880 videtin·
406 2809 447 2897 7).
496 2811 570 2879 Hoc
594 2812 695 2904 igitar
721 2812 919 2894 constituto,
942 2812 1261 2906 quaerendumne,
1287 2813 1345 2881 ubi

259 2949 292 3004 et
317 2957 383 3024 qua
403 2931 532 3000 ratione
553 2931 773 3002 Athenienses
805 2934 841 3000 in
863 2934 1100 3002 Panathenaeis
1133 2933 1345 3028 lampadibus

261 3056 469 3156 cantaverint.

355 3177 404 3244 Ea
422 3191 535 3246 autent
560 3174 604 3246 'de
635 3172 934 3270 causea''plerique
971 3181 1151 3272 sctiptores
1189 3200 1239 3249 tet·
1272 3203 1352 3252 tan-v

261 3317 331 3372 turn
351 3301 528 3395 quotannis
543 3299 682 3370 Athenis
703 3297 1014 3394 lampadephoriam
1030 3302 1152 3374 saetam
1176 3330 1247 3376 esse
1269 3329 1346 3376 nar·

319 3649 347 3721 4)
366 3649 448 3721 Hatp.
467 3667 486 3702 s,
505 3668 529 3709 v.
548 3651 680 3724 Λαμπάς.
709 3649 777 3724 ibiq.
795 3652 884 3706 Vales.
902 3653 977 3707 Suid.
996 3672 1016 3708 a.
1037 3654 1066 3716 h.
1087 3675 1110 3710 v.
1129 3657 1348 3728 Etym.1ll.s.v.
1450 3685 1451 3702 t

368 3737 552 3810 Κεραμεικὸς.
587 3739 649 3792 Lex„
670 3739 729 3808 Sag.
746 3759 773 3810 p.
794 3757 854 3810 πῃ.
1018 3740 1022 3747 ’

317 3825 345 3896 5)
364 3823 454 3877 Schol.
474 3829 516 3879 Ar.
540 3827 603 3879 Rau.
627 3830 682 3882 ¹31.
702 3829 779 3898 to87.

321 3913 339 3965 6
369 3912 387 3964 l.
406 3929 429 3968 c.

320 3914 350 4069 ql
365 3999 450 4052 Miror
467 4000 549 4070 igitur
566 4001 640 4073 quod
658 4000 808 4055 Boeckhius
836 4001 968 4069 (Staatsh.
985 4002 1007 4056 1.
1025 4020 1053 4074 p.
1071 4008 1135 4076 495)
1163 4005 1348 4079 lexicographi

369 4087 458 4141 verbis
475 4102 539 4143 usus
558 4107 613 4144 nou
641 4098 682 4146 eat
707 4089 742 4148 ad
767 4090 941 4144 refellendam
969 4096 1085 4147 auctoris
1113 4111 1158 4164 arg
1193 4095 1258 4148 Mitt.
1288 4112 1348 4152 sen-

366 4178 485 4230 tentiam.
