2920 4868
544 411 850 505 „stt--³

123 625 207 690 rant,
226 608 304 700 quia
329 607 391 688 luae
409 623 477 676 tres
493 606 529 674 ln
543 607 720 676 Ceramico
746 607 928 702 agebantur
944 599 986 692 Β).
1034 605 1211 678 Praeterea
1328 657 1337 666 -

123 734 213 800 enim
250 733 339 799 Pana
377 729 586 825 lampadibus
629 733 843 805 honorabant
878 755 988 825 prope
1025 755 1137 802 arcem
1163 725 1209 823 9),

129 874 163 922 et
187 856 330 927 Dianam
355 852 436 922 inde
469 853 674 934 asseratis,
697 875 801 924 aetate
825 857 862 923 in
887 853 1088 936 Bendidcis,
1129 880 1215 948 quae

125 979 162 1050 in
180 979 321 1060 Piraeeo
349 977 517 1048 celebrata
536 1003 615 1048 esee
640 980 771 1048 scimus.
835 978 949 1071 Atque
979 977 1046 1050 hoc
1075 977 1215 1071 quidem

124 1103 162 1172 in
182 1101 355 1177 Minorem
380 1102 545 1172 honorem
568 1125 639 1172 uon
659 1101 740 1171 ideo
761 1103 883 1172 factum
904 1127 985 1170 asse
1000 1119 1094 1194 puto,
1122 1102 1217 1196 quod

126 1226 280 1295 Minerva
302 1225 492 1299 vocabatur·
506 1226 619 1308 Luna,
652 1243 689 1292 ut
711 1224 897 1294 Muellerus
919 1217 963 1316 ¹⁰)
989 1222 1067 1292 vult.
1127 1225 1218 1310 Quid

129 1347 220 1418 enim
243 1345 343 1418 lunae
370 1372 459 1430 ‚cum
482 1349 683 1422 Prometheo
708 1367 809 1442 atque
833 1347 986 1418 Vulcano
1018 1349 1217 1418 commune?

127 1471 269 1538 Etiamsi
291 1489 402 1541 autem
420 1469 583 1544 Medusae
606 1490 707 1566 caput
733 1470 826 1566 quod
847 1472 1019 1540 Minervae
1041 1473 1220 1566 preprium
1307 1485 1311 1490 “

131 1613 222 1678 erat,
247 1597 485 1689 antiquissimis
510 1597 717 1690 temporibus
754 1594 839 1664 nibil
871 1590 936 1664 nisi
964 1596 1064 1672 lunae
1100 1595 1221 1665 facicm

130 1719 346 1813 significabat,
367 1719 520 1789 Minerva
543 1737 655 1789 tamen
678 1721 752 1814 ipsa
777 1733 803 1789 a'
816 1721 958 1814 posteris
981 1718 1117 1787 demum
1135 1720 1220 1788 scri·-

129 1842 307 1934 ptoribps,·
330 1866 476 1936 quorum
499 1845 536 1910 ni
560 1842 659 1912 fallor
684 1844 786 1912 Istrus
809 1836 855 1933 ¹¹)
878 1845 1007 1936 primus
1034 1862 1102 1929 θεῖς
1125 1844 1222 1912 Luna
1303 1921 1307 1928 ¹

133 1946 301 2058 appellata
324 1983 393 2047 est,
424 1983 525 2059 atque
549 1967 648 2036 etiem
673 1966 923 2036 bendideorum
946 1965 1222 2061 lampadepboria

132 2089 168 2158 ia
192 2089 319 2165 Dianae
344 2088 508 2158 bonorem
539 2107 612 2158 acta
643 2085 749 2184 ἑορτὴ
781 2100 906 2176 tantum
938 2082 1105 2168 &wiberat
1133 2107 1223 2158 *crea
1294 2073 1298 2076 .

133 2211 253 2306 Neque
271 2213 375 2306 ,igitur
400 2237 477 2292 cum
502 2211 563 2282 illo
594 2213 636 2282 V.
662 2215 704 2280 D.
731 2211 1062 2304 crederepossum,
1093 2213 1222 2280 Miner·

134 2359 208 2410 vam
227 2336 294 2404 iam
310 2337 499 2429 antiquitus
539 2353 697 2430 tanquam
733 2335 832 2404 lunae
858 2335 955 2404 deam'
989 2335 1113 2404 cultam
1129 2321 1221 2418 *essm

135 2457 195 2530 sed
227 2458 310 2528 baec
335 2461 506 2532 Minervae
535 2463 583 2530 ris
616 2489 635 2530 a
666 2463 809 2556 posteris
844 2461 978 2530 demum
1014 2460 1223 2554 temporibus

137 2581 415 2660 derivandaessc
437 2582 577 2662 videtur..
613 2580 717 2650 'Nam
730 2579 924 2652 Minervam
948 2584 1222 2653 Panathenaicam

70 2686 72 2696 γ
138 2703 300 2784 Medusae
328 2721 444 2798 :caput
482 2705 519 2772 iu
550 2701 703 2798 aegidem
728 2717 833 2772 suam
868 2705 1022 2776 nondum
1053 2711 1222 2803 recepisse

20 2897 25 2920 ¹
138 2827 290 2898 videmus
315 2852 364 2896 ex
381 2827 484 2896 buius
515 2825 709 2908 simulacro,
723 2827 842 2921 ‘quale
873 2803 949 2898 vasa
981 2831 1223 2900 Panathenaica

138 2954 235 3021 nobis
259 2951 410 3020 offerunt.
460 2944 569 3018 Immo
595 2952 706 3044 potius
731 2953 903 3018 Minervae
927 2953 964 3018 in
983 2954 1222 3026 Panathenaeie

138 3074 447 3170 lampadephoriam
472 3073 591 3142 factam
618 3097 689 3140 esse
714 3091 795 3166 puto
817 3095 997 3167 propterea
1021 3075 1115 3170 quod
1138 3078 1222 3145 haec

139 3200 203 3274 dea
227 3202 347 3270 artium
372 3218 405 3268 et
428 3199 514 3293 ignis
540 3199 639 3267 etiam
662 3198 788 3291 ingenii
811 3197 922 3266 lucem
946 3199 1106 3281 ostendit,
1131 3197 1222 3286 unde

139 3303 340 3414 ydavttoirttc
366 3322 549 3391 dicebatur.
600 3323 674 3389 Hoc
700 3324 789 3390 enim
811 3324 1112 3440 probant-Helicae
1136 3345 1222 3416 quo·

84 3479 87 3482 ·
143 3473 208 3542 qne
236 3449 382 3542 quaesin
408 3447 511 3532 Creta
531 3447 577 3513 iu*
591 3445 746 3541 Europae
767 3447 932 3517 honorem
953 3449 1134 3543 agebantur
1155 3447 1176 3514 i.
1192 3470 1220 3514 e.

143 3711 375 3726 w

195 3879 226 3960 8)
246 3877 353 3930 Praeter
371 3877 443 3929 locos
460 3877 585 3932 laudatos
604 3876 638 3929 cf.
657 3877 724 3931 Xer.
742 3877 776 3932 de
795 3895 850 3951 rep.
871 3877 967 3932 Athen.
987 3877 1032 3932 ΙΙΙ.
1052 3877 1078 3948 4.

191 3981 222 4052 9)
240 3979 368 4034 Herodot.
387 3981 434 4036 Vt.
457 3985 513 4034 105.

179 4090 222 4158 ιο)
239 4087 305 4137 Min.
324 4087 380 4145 Pol.
397 4103 423 4155 p,
441 4087 465 4140 5.

180 4190 222 4260 ιι)
241 4189 290 4260 ap.
308 4189 456 4259 Harpocrat
482 4206 502 4242 a.
519 4207 540 4240 v.
564 4193 739 4260 Tpttouom's·
