<?xml version="1.0" encoding="UTF-8"?>
<!DOCTYPE html PUBLIC "-//W3C//DTD XHTML 1.0 Transitional//EN"
    "http://www.w3.org/TR/xhtml1/DTD/xhtml1-transitional.dtd">
<html xmlns="http://www.w3.org/1999/xhtml" xml:lang="en" lang="en">
 <head>
  <title>
</title>
<meta http-equiv="Content-Type" content="text/html;charset=utf-8" />
  <meta name='ocr-system' content='tesseract 3.04.00' />
  <meta name='ocr-capabilities' content='ocr_page ocr_carea ocr_par ocr_line ocrx_word'/>
</head>
<body>
  <div class='ocr_page' id='page_1' title='image "./panathenaica01muelgoog_0134.png"; bbox 0 0 2906 4882; ppageno 0'>
   <div class='ocr_carea' id='block_1_1' title="bbox 532 423 797 492">
    <p class='ocr_par' dir='ltr' id='par_1_1' title="bbox 532 423 797 492">
     <span class='ocr_line' id='line_1_1' title="bbox 532 423 797 492; baseline -0.008 0"><span class='ocrx_word' id='word_1_1' title='bbox 532 423 797 492; x_wconf 53' lang='lat'><strong>*123-</strong></span> 
     </span>
    </p>
   </div>
   <div class='ocr_carea' id='block_1_2' title="bbox 49 613 1297 2194">
    <p class='ocr_par' dir='ltr' id='par_1_2' title="bbox 64 613 1195 1690">
     <span class='ocr_line' id='line_1_2' title="bbox 115 613 1194 708; baseline 0 -22"><span class='ocrx_word' id='word_1_2' title='bbox 115 619 300 686; x_wconf 83' lang='lat' dir='ltr'><strong>canistrum</strong></span> <span class='ocrx_word' id='word_1_3' title='bbox 326 613 419 707; x_wconf 87' lang='lat' dir='ltr'><strong>quod</strong></span> <span class='ocrx_word' id='word_1_4' title='bbox 447 615 547 708; x_wconf 84' lang='lat' dir='ltr'><strong>copiti</strong></span> <span class='ocrx_word' id='word_1_5' title='bbox 572 617 754 708; x_wconf 78' lang='lat' dir='ltr'><strong>imponant,</strong></span> <span class='ocrx_word' id='word_1_6' title='bbox 780 615 912 686; x_wconf 79' lang='lat' dir='ltr'><strong>tradere</strong></span> <span class='ocrx_word' id='word_1_7' title='bbox 938 615 1111 686; x_wconf 81' lang='lat' dir='ltr'><strong>videantur</strong></span> <span class='ocrx_word' id='word_1_8' title='bbox 1136 619 1194 688; x_wconf 85' lang='lat' dir='ltr'><strong>has</strong></span> 
     </span>
     <span class='ocr_line' id='line_1_3' title="bbox 114 739 1188 836; baseline 0 -28"><span class='ocrx_word' id='word_1_9' title='bbox 114 740 324 833; x_wconf 86' lang='lat' dir='ltr'><strong>canephoras</strong></span> <span class='ocrx_word' id='word_1_10' title='bbox 359 763 429 806; x_wconf 86' lang='lat' dir='ltr'><strong>esse</strong></span> <span class='ocrx_word' id='word_1_11' title='bbox 462 739 672 814; x_wconf 83' lang='lat' dir='ltr'><strong>statuendum</strong></span> <span class='ocrx_word' id='word_1_12' title='bbox 705 761 776 822; x_wconf 91' lang='lat' dir='ltr'><strong>cst,</strong></span> <span class='ocrx_word' id='word_1_13' title='bbox 827 765 907 834; x_wconf 85' lang='lat' dir='ltr'><strong>quas</strong></span> <span class='ocrx_word' id='word_1_14' title='bbox 938 739 1003 810; x_wconf 85' lang='lat' dir='ltr'><strong>alio</strong></span> <span class='ocrx_word' id='word_1_15' title='bbox 1038 744 1188 836; x_wconf 89' lang='lat' dir='ltr'><strong>Zophori</strong></span> 
     </span>
     <span class='ocr_line' id='line_1_4' title="bbox 116 861 1195 958; baseline 0 -26"><span class='ocrx_word' id='word_1_16' title='bbox 116 863 196 932; x_wconf 89' lang='lat' dir='ltr'><strong>loco</strong></span> <span class='ocrx_word' id='word_1_17' title='bbox 218 861 379 932; x_wconf 79' lang='lat' dir='ltr'><strong>&#39;nondum</strong></span> <span class='ocrx_word' id='word_1_18' title='bbox 416 887 596 956; x_wconf 80' lang='lat' dir='ltr'><strong>agnoscere</strong></span> <span class='ocrx_word' id='word_1_19' title='bbox 628 865 818 957; x_wconf 81' lang='lat' dir='ltr'><strong>potuimus,</strong></span> <span class='ocrx_word' id='word_1_20' title='bbox 857 865 919 932; x_wconf 83' lang='lat' dir='ltr'><strong>etsi</strong></span> <span class='ocrx_word' id='word_1_21' title='bbox 944 865 1123 958; x_wconf 80' lang='lat' dir='ltr'><strong>scriptores</strong></span> <span class='ocrx_word' id='word_1_22' title='bbox 1148 865 1195 932; x_wconf 87' lang='lat' dir='ltr'><strong>de</strong></span> 
     </span>
     <span class='ocr_line' id='line_1_5' title="bbox 106 986 1193 1083; baseline 0.001 -29"><span class='ocrx_word' id='word_1_23' title='bbox 106 1005 262 1083; x_wconf 42' lang='lat' dir='ltr'><strong>,pompae</strong></span> <span class='ocrx_word' id='word_1_24' title='bbox 294 987 556 1062; x_wconf 80' lang='lat' dir='ltr'><strong>Panathenaicae</strong></span> <span class='ocrx_word' id='word_1_25' title='bbox 594 986 792 1080; x_wconf 82' lang='lat' dir='ltr'><strong>canephoris</strong></span> <span class='ocrx_word' id='word_1_26' title='bbox 832 1012 933 1081; x_wconf 81' lang='lat' dir='ltr'><strong>saepe</strong></span> <span class='ocrx_word' id='word_1_27' title='bbox 975 989 1075 1056; x_wconf 88' lang='lat' dir='ltr'><strong>verba</strong></span> <span class='ocrx_word' id='word_1_28' title='bbox 1114 989 1193 1056; x_wconf 82' lang='lat' dir='ltr'><strong>laci-</strong></span> 
     </span>
     <span class='ocr_line' id='line_1_6' title="bbox 64 1097 1195 1208; baseline -0.002 -30"><span class='ocrx_word' id='word_1_29' title='bbox 64 1147 67 1154; x_wconf 96' lang='lat'>·</span> <span class='ocrx_word' id='word_1_30' title='bbox 114 1129 181 1186; x_wconf 83' lang='lat' dir='ltr'><strong>unt</strong></span> <span class='ocrx_word' id='word_1_31' title='bbox 202 1108 256 1194; x_wconf 67' lang='grc' dir='ltr'><strong>Ι4).</strong></span> <span class='ocrx_word' id='word_1_32' title='bbox 307 1111 377 1184; x_wconf 84' lang='lat' dir='ltr'><strong>Hae</strong></span> <span class='ocrx_word' id='word_1_33' title='bbox 404 1127 513 1184; x_wconf 83' lang='lat' dir='ltr'><strong>autem</strong></span> <span class='ocrx_word' id='word_1_34' title='bbox 546 1097 755 1204; x_wconf 78' lang='lat' dir='ltr'><strong>oenophorae</strong></span> <span class='ocrx_word' id='word_1_35' title='bbox 791 1123 886 1184; x_wconf 82' lang='lat' dir='ltr'><strong>erant</strong></span> <span class='ocrx_word' id='word_1_36' title='bbox 915 1113 1059 1208; x_wconf 82' lang='lat' dir='ltr'><strong>virgines</strong></span> <span class='ocrx_word' id='word_1_37' title='bbox 1089 1111 1195 1182; x_wconf 88' lang='lat' dir='ltr'><strong>nobili</strong></span> 
     </span>
     <span class='ocr_line' id='line_1_7' title="bbox 114 1231 1195 1330; baseline -0.006 -23"><span class='ocrx_word' id='word_1_38' title='bbox 114 1235 197 1307; x_wconf 89' lang='lat' dir='ltr'><strong>loeo</strong></span> <span class='ocrx_word' id='word_1_39' title='bbox 223 1253 333 1316; x_wconf 83' lang='lat' dir='ltr'><strong>ortae,</strong></span> <span class='ocrx_word' id='word_1_40' title='bbox 359 1235 455 1305; x_wconf 81' lang='lat' dir='ltr'><strong>sicuti</strong></span> <span class='ocrx_word' id='word_1_41' title='bbox 480 1231 654 1308; x_wconf 81' lang='lat' dir='ltr'><strong>Harmodii</strong></span> <span class='ocrx_word' id='word_1_42' title='bbox 678 1258 829 1330; x_wconf 77' lang='lat' dir='ltr'><strong>sororem</strong></span> <span class='ocrx_word' id='word_1_43' title='bbox 859 1235 925 1304; x_wconf 90' lang='lat' dir='ltr'><strong>hoc</strong></span> <span class='ocrx_word' id='word_1_44' title='bbox 956 1260 1098 1304; x_wconf 84' lang='lat' dir='ltr'><strong>munere</strong></span> <span class='ocrx_word' id='word_1_45' title='bbox 1118 1233 1195 1302; x_wconf 84' lang='lat' dir='ltr'><strong>iun-</strong></span> 
     </span>
     <span class='ocr_line' id='line_1_8' title="bbox 115 1325 1192 1453; baseline -0.005 -23"><span class='ocrx_word' id='word_1_46' title='bbox 115 1375 205 1430; x_wconf 77' lang='lat' dir='ltr'><strong>cte&#39;m</strong></span> <span class='ocrx_word' id='word_1_47' title='bbox 223 1375 301 1444; x_wconf 75' lang='lat' dir='ltr'><strong>¹esse</strong></span> <span class='ocrx_word' id='word_1_48' title='bbox 326 1358 449 1432; x_wconf 78' lang='lat' dir='ltr'><strong>scimus</strong></span> <span class='ocrx_word' id='word_1_49' title='bbox 479 1325 519 1428; x_wconf 74' lang='lat' dir='ltr'><strong>ex</strong></span> <span class='ocrx_word' id='word_1_50' title='bbox 541 1355 744 1451; x_wconf 76' lang='lat' dir='ltr'><strong>Thucydide</strong></span> <span class='ocrx_word' id='word_1_51' title='bbox 765 1353 819 1444; x_wconf 80' lang='lat'><strong>¹⁵).</strong></span> <span class='ocrx_word' id='word_1_52' title='bbox 876 1359 920 1426; x_wconf 86' lang='lat' dir='ltr'><strong>Et</strong></span> <span class='ocrx_word' id='word_1_53' title='bbox 944 1383 1049 1453; x_wconf 84' lang='lat' dir='ltr'><strong>quum</strong></span> <span class='ocrx_word' id='word_1_54' title='bbox 1072 1359 1192 1427; x_wconf 82' lang='lat' dir='ltr'><strong>Erich-</strong></span> 
     </span>
     <span class='ocr_line' id='line_1_9' title="bbox 101 1481 1195 1576; baseline -0.002 -24"><span class='ocrx_word' id='word_1_55' title='bbox 101 1483 272 1556; x_wconf 75' lang='lat' dir='ltr'><strong>thonium</strong></span> <span class='ocrx_word' id='word_1_56' title='bbox 306 1483 417 1574; x_wconf 78' lang='lat' dir='ltr'><strong>ipsum</strong></span> <span class='ocrx_word' id='word_1_57' title='bbox 450 1482 510 1576; x_wconf 85' lang='lat' dir='ltr'><strong>qui</strong></span> <span class='ocrx_word' id='word_1_58' title='bbox 534 1482 763 1556; x_wconf 70' lang='lat' dir='ltr'><strong>Panathenaea</strong></span> <span class='ocrx_word' id='word_1_59' title='bbox 787 1481 991 1572; x_wconf 75' lang='lat' dir='ltr'><strong>(Athenaeo)</strong></span> <span class='ocrx_word' id='word_1_60' title='bbox 1013 1485 1195 1552; x_wconf 81' lang='lat' dir='ltr'><strong>instituisse</strong></span> 
     </span>
     <span class='ocr_line' id='line_1_10' title="bbox 118 1604 1195 1690; baseline 0 -16"><span class='ocrx_word' id='word_1_61' title='bbox 118 1606 261 1690; x_wconf 79' lang='lat' dir='ltr'><strong>dicitur,</strong></span> <span class='ocrx_word' id='word_1_62' title='bbox 300 1606 398 1676; x_wconf 84' lang='lat' dir='ltr'><strong>etiem</strong></span> <span class='ocrx_word' id='word_1_63' title='bbox 424 1607 605 1676; x_wconf 76' lang='lat' dir='ltr'><strong>canistrum</strong></span> <span class='ocrx_word' id='word_1_64' title='bbox 630 1605 723 1676; x_wconf 81' lang='lat' dir='ltr'><strong>ferre</strong></span> <span class='ocrx_word' id='word_1_65' title='bbox 746 1604 829 1678; x_wconf 77' lang='lat' dir='ltr'><strong>filias</strong></span> <span class='ocrx_word' id='word_1_66' title='bbox 855 1607 1115 1681; x_wconf 78' lang='lat' dir='ltr'><strong>Atheniensium·</strong></span> <span class='ocrx_word' id='word_1_67' title='bbox 1132 1606 1195 1674; x_wconf 92' lang='lat' dir='ltr'><strong>do-</strong></span> 
     </span>
    </p>

    <p class='ocr_par' dir='ltr' id='par_1_3' title="bbox 49 1705 1297 2194">
     <span class='ocr_line' id='line_1_11' title="bbox 116 1705 1297 1816; baseline -0.002 -16"><span class='ocrx_word' id='word_1_68' title='bbox 116 1732 224 1802; x_wconf 81' lang='lat' dir='ltr'><strong>cuisse</strong></span> <span class='ocrx_word' id='word_1_69' title='bbox 245 1727 465 1801; x_wconf 84' lang='lat' dir='ltr'><strong>Philochorus</strong></span> <span class='ocrx_word' id='word_1_70' title='bbox 490 1728 599 1800; x_wconf 83' lang='lat' dir='ltr'><strong>trudat</strong></span> <span class='ocrx_word' id='word_1_71' title='bbox 623 1723 691 1814; x_wconf 71' lang='lat'><strong>¹⁶),</strong></span> <span class='ocrx_word' id='word_1_72' title='bbox 714 1729 955 1798; x_wconf 70' lang='lat' dir='ltr'><strong>Brondstediua</strong></span> <span class='ocrx_word' id='word_1_73' title='bbox 975 1727 1026 1816; x_wconf 72' lang='lat'><strong>¹7)</strong></span> <span class='ocrx_word' id='word_1_74' title='bbox 1060 1730 1097 1798; x_wconf 88' lang='lat' dir='ltr'><strong>in</strong></span> <span class='ocrx_word' id='word_1_75' title='bbox 1132 1729 1194 1798; x_wconf 80' lang='lat' dir='ltr'><strong>dc·</strong></span> <span class='ocrx_word' id='word_1_76' title='bbox 1295 1705 1297 1712; x_wconf 28' lang='grc' dir='ltr'>Ι</span> 
     </span>
     <span class='ocr_line' id='line_1_12' title="bbox 69 1853 1261 1946; baseline -0.003 -22"><span class='ocrx_word' id='word_1_77' title='bbox 69 1889 73 1913; x_wconf 82' lang='lat'><em>=</em></span> <span class='ocrx_word' id='word_1_78' title='bbox 116 1855 216 1924; x_wconf 72' lang='lat' dir='ltr'><strong>cima&#39;</strong></span> <span class='ocrx_word' id='word_1_79' title='bbox 243 1853 383 1946; x_wconf 74' lang='lat' dir='ltr'><strong>septica</strong></span> <span class='ocrx_word' id='word_1_80' title='bbox 419 1869 631 1946; x_wconf 73' lang='lat' dir='ltr'><strong>metoparum</strong></span> <span class='ocrx_word' id='word_1_81' title='bbox 662 1853 881 1926; x_wconf 71' lang='lat' dir='ltr'><strong>Parmenonis</strong></span> <span class='ocrx_word' id='word_1_82' title='bbox 923 1853 1193 1924; x_wconf 85' lang='lat' dir='ltr'><strong>meridionalium</strong></span> <span class='ocrx_word' id='word_1_83' title='bbox 1259 1909 1261 1920; x_wconf 92' lang='lat'><em>.</em></span> 
     </span>
     <span class='ocr_line' id='line_1_13' title="bbox 49 1977 1228 2070; baseline 0.001 -25"><span class='ocrx_word' id='word_1_84' title='bbox 49 2017 52 2022; x_wconf 95' lang='lat'>·</span> <span class='ocrx_word' id='word_1_85' title='bbox 115 1977 340 2069; x_wconf 75' lang='lat' dir='ltr'><strong>canepiaoram</strong></span> <span class='ocrx_word' id='word_1_86' title='bbox 365 2001 450 2070; x_wconf 82' lang='lat' dir='ltr'><strong>quae</strong></span> <span class='ocrx_word' id='word_1_87' title='bbox 481 1978 662 2054; x_wconf 73' lang='lat' dir='ltr'><strong>canistrum</strong></span> <span class='ocrx_word' id='word_1_88' title='bbox 690 1979 731 2049; x_wconf 86' lang='lat' dir='ltr'><strong>ab</strong></span> <span class='ocrx_word' id='word_1_89' title='bbox 756 1979 976 2047; x_wconf 86' lang='lat' dir='ltr'><strong>Erichthonio</strong></span> <span class='ocrx_word' id='word_1_90' title='bbox 1003 1978 1105 2047; x_wconf 88' lang='lat' dir='ltr'><strong>modo</strong></span> <span class='ocrx_word' id='word_1_91' title='bbox 1131 2003 1188 2046; x_wconf 85' lang='lat' dir='ltr'><strong>ac-</strong></span> <span class='ocrx_word' id='word_1_92' title='bbox 1225 2005 1228 2012; x_wconf 91' lang='lat'>·</span> 
     </span>
     <span class='ocr_line' id='line_1_14' title="bbox 115 2101 686 2194; baseline 0 -24"><span class='ocrx_word' id='word_1_93' title='bbox 115 2101 258 2194; x_wconf 85' lang='lat' dir='ltr'><strong>ceperit,</strong></span> <span class='ocrx_word' id='word_1_94' title='bbox 279 2123 406 2170; x_wconf 84' lang='lat' dir='ltr'><strong>summo</strong></span> <span class='ocrx_word' id='word_1_95' title='bbox 432 2102 506 2170; x_wconf 87' lang='lat' dir='ltr'><strong>iure</strong></span> <span class='ocrx_word' id='word_1_96' title='bbox 530 2102 686 2192; x_wconf 76' lang='lat' dir='ltr'><strong>agnoscit</strong></span> 
     </span>
    </p>
   </div>
   <div class='ocr_carea' id='block_1_3' title="bbox 217 2218 1193 2339">
    <p class='ocr_par' dir='ltr' id='par_1_4' title="bbox 217 2218 1193 2339">
     <span class='ocr_line' id='line_1_15' title="bbox 217 2218 1193 2339; baseline -0.008 -41"><span class='ocrx_word' id='word_1_97' title='bbox 217 2221 307 2308; x_wconf 74' lang='lat' dir='ltr'><strong>Quid</strong></span> <span class='ocrx_word' id='word_1_98' title='bbox 332 2218 480 2318; x_wconf 77' lang='lat' dir='ltr'><strong>denique</strong></span> <span class='ocrx_word' id='word_1_99' title='bbox 507 2224 572 2294; x_wconf 84' lang='lat' dir='ltr'><strong>sihi</strong></span> <span class='ocrx_word' id='word_1_100' title='bbox 592 2224 700 2339; x_wconf 64' lang='lat' dir='ltr'><strong>uelint</strong></span> <span class='ocrx_word' id='word_1_101' title='bbox 719 2223 788 2294; x_wconf 89' lang='lat' dir='ltr'><strong>duo</strong></span> <span class='ocrx_word' id='word_1_102' title='bbox 810 2223 1041 2294; x_wconf 80' lang='lat' dir='ltr'><strong>adolescentes</strong></span> <span class='ocrx_word' id='word_1_103' title='bbox 1066 2225 1193 2292; x_wconf 77' lang='lat' dir='ltr'><strong>imber-</strong></span> 
     </span>
    </p>
   </div>
   <div class='ocr_carea' id='block_1_4' title="bbox 75 2341 1196 3442">
    <p class='ocr_par' dir='ltr' id='par_1_5' title="bbox 75 2341 1196 3052">
     <span class='ocr_line' id='line_1_16' title="bbox 118 2341 1194 2442; baseline -0.002 -26"><span class='ocrx_word' id='word_1_104' title='bbox 118 2342 246 2436; x_wconf 55' lang='lat' dir='ltr'><strong>hece)</strong></span> <span class='ocrx_word' id='word_1_105' title='bbox 275 2373 419 2441; x_wconf 87' lang='lat' dir='ltr'><strong>quorum</strong></span> <span class='ocrx_word' id='word_1_106' title='bbox 450 2345 533 2418; x_wconf 84' lang='lat' dir='ltr'><strong>alter</strong></span> <span class='ocrx_word' id='word_1_107' title='bbox 562 2350 679 2418; x_wconf 86' lang='lat' dir='ltr'><strong>nescio</strong></span> <span class='ocrx_word' id='word_1_108' title='bbox 711 2348 795 2442; x_wconf 86' lang='lat' dir='ltr'><strong>qnid</strong></span> <span class='ocrx_word' id='word_1_109' title='bbox 827 2375 928 2422; x_wconf 85' lang='lat' dir='ltr'><strong>manu</strong></span> <span class='ocrx_word' id='word_1_110' title='bbox 954 2341 1070 2418; x_wconf 83' lang='lat' dir='ltr'><strong>dextra</strong></span> <span class='ocrx_word' id='word_1_111' title='bbox 1095 2347 1194 2434; x_wconf 84' lang='lat' dir='ltr'><strong>tollit,</strong></span> 
     </span>
     <span class='ocr_line' id='line_1_17' title="bbox 118 2455 1194 2567; baseline -0.006 -23"><span class='ocrx_word' id='word_1_112' title='bbox 118 2497 175 2544; x_wconf 86' lang='lat' dir='ltr'><strong>me</strong></span> <span class='ocrx_word' id='word_1_113' title='bbox 203 2469 371 2565; x_wconf 78' lang='lat' dir='ltr'><strong>explicare</strong></span> <span class='ocrx_word' id='word_1_114' title='bbox 395 2497 465 2542; x_wconf 88' lang='lat' dir='ltr'><strong>nou</strong></span> <span class='ocrx_word' id='word_1_115' title='bbox 488 2497 588 2566; x_wconf 83' lang='lat' dir='ltr'><strong>posse</strong></span> <span class='ocrx_word' id='word_1_116' title='bbox 612 2474 756 2567; x_wconf 83' lang='lat' dir='ltr'><strong>ingenue</strong></span> <span class='ocrx_word' id='word_1_117' title='bbox 782 2455 897 2542; x_wconf 84' lang='lat' dir='ltr'><strong>fateor.</strong></span> <span class='ocrx_word' id='word_1_118' title='bbox 949 2475 1110 2558; x_wconf 87' lang='lat' dir='ltr'><strong>Quattuor</strong></span> <span class='ocrx_word' id='word_1_119' title='bbox 1135 2497 1194 2538; x_wconf 80' lang='lat' dir='ltr'><strong>au·-</strong></span> 
     </span>
     <span class='ocr_line' id='line_1_18' title="bbox 121 2595 1196 2694; baseline -0.006 -26"><span class='ocrx_word' id='word_1_120' title='bbox 121 2615 189 2668; x_wconf 87' lang='lat' dir='ltr'><strong>tem</strong></span> <span class='ocrx_word' id='word_1_121' title='bbox 213 2596 301 2664; x_wconf 84' lang='lat' dir='ltr'><strong>viros</strong></span> <span class='ocrx_word' id='word_1_122' title='bbox 334 2595 492 2683; x_wconf 77' lang='lat' dir='ltr'><strong>barbatos</strong></span> <span class='ocrx_word' id='word_1_123' title='bbox 523 2597 582 2690; x_wconf 89' lang='lat' dir='ltr'><strong>qui</strong></span> <span class='ocrx_word' id='word_1_124' title='bbox 613 2621 704 2690; x_wconf 90' lang='lat' dir='ltr'><strong>pone</strong></span> <span class='ocrx_word' id='word_1_125' title='bbox 738 2596 816 2694; x_wconf 81' lang='lat' dir='ltr'><strong>illos</strong></span> <span class='ocrx_word' id='word_1_126' title='bbox 846 2595 1073 2666; x_wconf 72' lang='lat' dir='ltr'><strong>adolescentes</strong></span> <span class='ocrx_word' id='word_1_127' title='bbox 1098 2613 1196 2676; x_wconf 81' lang='lat' dir='ltr'><strong>stant,</strong></span> 
     </span>
     <span class='ocr_line' id='line_1_19' title="bbox 118 2718 1196 2813; baseline -0.001 -27"><span class='ocrx_word' id='word_1_128' title='bbox 118 2718 305 2813; x_wconf 79' lang='lat' dir='ltr'><strong>praefectos</strong></span> <span class='ocrx_word' id='word_1_129' title='bbox 336 2719 457 2788; x_wconf 83' lang='lat' dir='ltr'><strong>aerarii</strong></span> <span class='ocrx_word' id='word_1_130' title='bbox 487 2721 662 2790; x_wconf 79' lang='lat' dir='ltr'><strong>Minervae</strong></span> <span class='ocrx_word' id='word_1_131' title='bbox 703 2747 798 2804; x_wconf 81' lang='lat' dir='ltr'><strong>esse,</strong></span> <span class='ocrx_word' id='word_1_132' title='bbox 836 2719 938 2793; x_wconf 88' lang='lat' dir='ltr'><strong>modo</strong></span> <span class='ocrx_word' id='word_1_133' title='bbox 973 2720 1101 2790; x_wconf 85' lang='lat' dir='ltr'><strong>dictum</strong></span> <span class='ocrx_word' id='word_1_134' title='bbox 1134 2735 1196 2802; x_wconf 60' lang='lat' dir='ltr'><strong>est</strong></span> 
     </span>
     <span class='ocr_line' id='line_1_20' title="bbox 118 2841 1196 2938; baseline 0.002 -30"><span class='ocrx_word' id='word_1_135' title='bbox 118 2844 279 2938; x_wconf 85' lang='lat' dir='ltr'><strong>qnoniam</strong></span> <span class='ocrx_word' id='word_1_136' title='bbox 310 2843 346 2912; x_wconf 88' lang='lat' dir='ltr'><strong>in</strong></span> <span class='ocrx_word' id='word_1_137' title='bbox 378 2843 478 2912; x_wconf 81' lang='lat' dir='ltr'><strong>huiua</strong></span> <span class='ocrx_word' id='word_1_138' title='bbox 506 2841 619 2914; x_wconf 82' lang='lat' dir='ltr'><strong>leteris</strong></span> <span class='ocrx_word' id='word_1_139' title='bbox 650 2863 747 2938; x_wconf 86' lang='lat' dir='ltr'><strong>purte</strong></span> <span class='ocrx_word' id='word_1_140' title='bbox 773 2843 987 2918; x_wconf 82' lang='lat' dir='ltr'><strong>meridionali</strong></span> <span class='ocrx_word' id='word_1_141' title='bbox 1018 2869 1075 2912; x_wconf 85' lang='lat' dir='ltr'><strong>sex</strong></span> <span class='ocrx_word' id='word_1_142' title='bbox 1106 2845 1196 2910; x_wconf 83' lang='lat' dir='ltr'><strong>viros</strong></span> 
     </span>
     <span class='ocr_line' id='line_1_21' title="bbox 75 2965 770 3052; baseline 0.003 -20"><span class='ocrx_word' id='word_1_143' title='bbox 75 3025 77 3032; x_wconf 82' lang='grc'>,</span> <span class='ocrx_word' id='word_1_144' title='bbox 118 2967 270 3039; x_wconf 88' lang='lat' dir='ltr'><strong>eiusdem</strong></span> <span class='ocrx_word' id='word_1_145' title='bbox 292 2966 424 3039; x_wconf 84' lang='lat' dir='ltr'><strong>habitus</strong></span> <span class='ocrx_word' id='word_1_146' title='bbox 449 2965 555 3036; x_wconf 82' lang='lat' dir='ltr'><strong>motlo¹</strong></span> <span class='ocrx_word' id='word_1_147' title='bbox 576 2967 734 3052; x_wconf 59' lang='lat' dir='ltr'><strong>vidimus„</strong></span> <span class='ocrx_word' id='word_1_148' title='bbox 768 3001 770 3010; x_wconf 59' lang='lat'><strong><em>¹</em></strong></span> 
     </span>
    </p>

    <p class='ocr_par' dir='ltr' id='par_1_6' title="bbox 104 3089 1194 3442">
     <span class='ocr_line' id='line_1_22' title="bbox 218 3089 1193 3184; baseline 0.002 -25.791"><span class='ocrx_word' id='word_1_149' title='bbox 218 3092 258 3161; x_wconf 88' lang='lat' dir='ltr'><strong>Iu</strong></span> <span class='ocrx_word' id='word_1_150' title='bbox 280 3089 395 3160; x_wconf 88' lang='lat' dir='ltr'><strong>medio</strong></span> <span class='ocrx_word' id='word_1_151' title='bbox 426 3091 491 3158; x_wconf 91' lang='lat' dir='ltr'><strong>hoc</strong></span> <span class='ocrx_word' id='word_1_152' title='bbox 517 3090 678 3184; x_wconf 71' lang='lat' dir='ltr'><strong>zophoro</strong></span> <span class='ocrx_word' id='word_1_153' title='bbox 710 3092 863 3164; x_wconf 82' lang='lat' dir='ltr'><strong>orientali</strong></span> <span class='ocrx_word' id='word_1_154' title='bbox 891 3093 1077 3170; x_wconf 74' lang='lat' dir='ltr'><strong>invenimur</strong></span> <span class='ocrx_word' id='word_1_155' title='bbox 1108 3091 1193 3160; x_wconf 87' lang='lat' dir='ltr'><strong>duo-</strong></span> 
     </span>
     <span class='ocr_line' id='line_1_23' title="bbox 118 3213 1194 3310; baseline -0.004 -24"><span class='ocrx_word' id='word_1_156' title='bbox 118 3213 230 3286; x_wconf 82' lang='lat' dir='ltr'><strong>decim</strong></span> <span class='ocrx_word' id='word_1_157' title='bbox 254 3213 374 3308; x_wconf 83' lang='lat' dir='ltr'><strong>iigurus</strong></span> <span class='ocrx_word' id='word_1_158' title='bbox 400 3213 576 3296; x_wconf 84' lang='lat' dir='ltr'><strong>sedentes,</strong></span> <span class='ocrx_word' id='word_1_159' title='bbox 614 3243 698 3309; x_wconf 83' lang='lat' dir='ltr'><strong>quas</strong></span> <span class='ocrx_word' id='word_1_160' title='bbox 733 3217 815 3286; x_wconf 83' lang='lat' dir='ltr'><strong>deos</strong></span> <span class='ocrx_word' id='word_1_161' title='bbox 851 3217 997 3310; x_wconf 76' lang='lat' dir='ltr'><strong>deasque</strong></span> <span class='ocrx_word' id='word_1_162' title='bbox 1028 3242 1099 3284; x_wconf 82' lang='lat' dir='ltr'><strong>esse</strong></span> <span class='ocrx_word' id='word_1_163' title='bbox 1129 3217 1194 3283; x_wconf 82' lang='lat' dir='ltr'><strong>riri</strong></span> 
     </span>
     <span class='ocr_line' id='line_1_24' title="bbox 118 3336 1192 3442; baseline -0.002 -34"><span class='ocrx_word' id='word_1_164' title='bbox 118 3336 212 3408; x_wconf 85' lang='lat' dir='ltr'><strong>docti</strong></span> <span class='ocrx_word' id='word_1_165' title='bbox 244 3338 471 3424; x_wconf 57' lang='lat' dir='ltr'><strong>consentiente</strong></span> <span class='ocrx_word' id='word_1_166' title='bbox 499 3338 538 3411; x_wconf 84' lang='lat' dir='ltr'><strong>id</strong></span> <span class='ocrx_word' id='word_1_167' title='bbox 569 3339 663 3434; x_wconf 85' lang='lat' dir='ltr'><strong>quod</strong></span> <span class='ocrx_word' id='word_1_168' title='bbox 687 3367 756 3410; x_wconf 88' lang='lat' dir='ltr'><strong>noo</strong></span> <span class='ocrx_word' id='word_1_169' title='bbox 795 3339 898 3408; x_wconf 86' lang='lat' dir='ltr'><strong>modo</strong></span> <span class='ocrx_word' id='word_1_170' title='bbox 927 3365 968 3408; x_wconf 83' lang='lat' dir='ltr'><strong>ex</strong></span> <span class='ocrx_word' id='word_1_171' title='bbox 983 3365 1110 3442; x_wconf 75' lang='lat' dir='ltr'><strong>eorum</strong></span> <span class='ocrx_word' id='word_1_172' title='bbox 1134 3339 1192 3406; x_wconf 76' lang='lat' dir='ltr'><strong>ha-</strong></span> 
     </span>
    </p>
   </div>
   <div class='ocr_carea' id='block_1_5' title="bbox 120 3539 420 3554">
    <p class='ocr_par' dir='ltr' id='par_1_7' title="bbox 120 3539 420 3554">
     <span class='ocr_line' id='line_1_25' title="bbox 120 3539 420 3554; baseline 0.007 -2"><span class='ocrx_word' id='word_1_173' title='bbox 120 3539 420 3554; x_wconf 54' lang='lat' dir='ltr'><strong>m</strong></span> 
     </span>
    </p>
   </div>
   <div class='ocr_carea' id='block_1_6' title="bbox 129 3641 1190 3817">
    <p class='ocr_par' dir='ltr' id='par_1_8' title="bbox 129 3641 1190 3817">
     <span class='ocr_line' id='line_1_26' title="bbox 129 3641 1190 3732; baseline 0.002 -24"><span class='ocrx_word' id='word_1_174' title='bbox 129 3641 130 3646; x_wconf 27' lang='lat'>¹</span> <span class='ocrx_word' id='word_1_175' title='bbox 156 3659 197 3726; x_wconf 72' lang='grc'><strong>14)</strong></span> <span class='ocrx_word' id='word_1_176' title='bbox 217 3657 331 3724; x_wconf 82' lang='lat' dir='ltr'><strong>Hesych.</strong></span> <span class='ocrx_word' id='word_1_177' title='bbox 352 3657 508 3728; x_wconf 78' lang='lat' dir='ltr'><strong>Harpocrot.</strong></span> <span class='ocrx_word' id='word_1_178' title='bbox 532 3675 554 3712; x_wconf 82' lang='lat' dir='ltr'><strong>s.</strong></span> <span class='ocrx_word' id='word_1_179' title='bbox 572 3676 598 3710; x_wconf 92' lang='lat' dir='ltr'><strong>v.</strong></span> <span class='ocrx_word' id='word_1_180' title='bbox 628 3661 807 3732; x_wconf 77' lang='grc' dir='ltr'><strong>Κανηφόροι.</strong></span> <span class='ocrx_word' id='word_1_181' title='bbox 843 3662 914 3714; x_wconf 84' lang='lat' dir='ltr'><strong>Max.</strong></span> <span class='ocrx_word' id='word_1_182' title='bbox 934 3659 998 3728; x_wconf 81' lang='lat' dir='ltr'><strong>Tyr,</strong></span> <span class='ocrx_word' id='word_1_183' title='bbox 1015 3659 1079 3713; x_wconf 86' lang='lat' dir='ltr'><strong>diss.</strong></span> <span class='ocrx_word' id='word_1_184' title='bbox 1106 3661 1133 3714; x_wconf 84' lang='lat'><strong>8.</strong></span> <span class='ocrx_word' id='word_1_185' title='bbox 1156 3659 1190 3710; x_wconf 80' lang='lat' dir='ltr'><strong>cs.</strong></span> 
     </span>
     <span class='ocr_line' id='line_1_27' title="bbox 130 3743 596 3817; baseline 0.015 -21"><span class='ocrx_word' id='word_1_186' title='bbox 130 3761 135 3769; x_wconf 89' lang='grc'>’</span> <span class='ocrx_word' id='word_1_187' title='bbox 215 3743 352 3814; x_wconf 80' lang='lat' dir='ltr'><strong>Aristoph.</strong></span> <span class='ocrx_word' id='word_1_188' title='bbox 370 3745 417 3798; x_wconf 76' lang='lat' dir='ltr'><strong>Av-</strong></span> <span class='ocrx_word' id='word_1_189' title='bbox 443 3747 516 3800; x_wconf 68' lang='lat'><strong>¹550.</strong></span> <span class='ocrx_word' id='word_1_190' title='bbox 536 3763 596 3817; x_wconf 82' lang='lat' dir='ltr'><strong>sqq.</strong></span> 
     </span>
    </p>
   </div>
   <div class='ocr_carea' id='block_1_7' title="bbox 155 3839 987 4104">
    <p class='ocr_par' dir='ltr' id='par_1_9' title="bbox 155 3839 987 4104">
     <span class='ocr_line' id='line_1_28' title="bbox 156 3839 326 3907; baseline 0.024 -15"><span class='ocrx_word' id='word_1_191' title='bbox 156 3839 198 3907; x_wconf 85' lang='grc' dir='ltr'><strong>ι5)</strong></span> <span class='ocrx_word' id='word_1_192' title='bbox 217 3841 263 3902; x_wconf 74' lang='lat' dir='ltr'><strong>Vl,</strong></span> <span class='ocrx_word' id='word_1_193' title='bbox 283 3843 326 3896; x_wconf 83' lang='grc'><strong>56.</strong></span> 
     </span>
     <span class='ocr_line' id='line_1_29' title="bbox 155 3933 522 4004; baseline 0.003 -18"><span class='ocrx_word' id='word_1_194' title='bbox 155 3935 197 4003; x_wconf 78' lang='grc'><strong>16)</strong></span> <span class='ocrx_word' id='word_1_195' title='bbox 216 3934 266 4004; x_wconf 87' lang='lat' dir='ltr'><strong>Ap.</strong></span> <span class='ocrx_word' id='word_1_196' title='bbox 285 3933 443 4004; x_wconf 77' lang='lat' dir='ltr'><strong>llorpocrot.</strong></span> <span class='ocrx_word' id='word_1_197' title='bbox 462 3936 481 3986; x_wconf 86' lang='lat'><strong>1.</strong></span> <span class='ocrx_word' id='word_1_198' title='bbox 500 3954 522 3987; x_wconf 89' lang='lat' dir='ltr'><strong>e.</strong></span> 
     </span>
     <span class='ocr_line' id='line_1_30' title="bbox 155 4026 987 4104; baseline 0.012 -26"><span class='ocrx_word' id='word_1_199' title='bbox 155 4032 197 4095; x_wconf 76' lang='lat'><strong>¹7)</strong></span> <span class='ocrx_word' id='word_1_200' title='bbox 218 4026 314 4082; x_wconf 84' lang='lat' dir='ltr'><strong>Reisen</strong></span> <span class='ocrx_word' id='word_1_201' title='bbox 334 4047 360 4079; x_wconf 87' lang='grc' dir='ltr'><strong>ιι.</strong></span> <span class='ocrx_word' id='word_1_202' title='bbox 380 4031 486 4082; x_wconf 85' lang='lat' dir='ltr'><strong>Unters.</strong></span> <span class='ocrx_word' id='word_1_203' title='bbox 506 4031 534 4082; x_wconf 88' lang='lat' dir='ltr'><strong>in</strong></span> <span class='ocrx_word' id='word_1_204' title='bbox 552 4031 762 4088; x_wconf 80' lang='lat' dir='ltr'><strong>Griechenlund.</strong></span> <span class='ocrx_word' id='word_1_205' title='bbox 779 4035 811 4085; x_wconf 90' lang='grc' dir='ltr'><strong>Τ.</strong></span> <span class='ocrx_word' id='word_1_206' title='bbox 831 4037 861 4088; x_wconf 91' lang='lat'><strong>11.</strong></span> <span class='ocrx_word' id='word_1_207' title='bbox 882 4048 907 4104; x_wconf 84' lang='lat' dir='ltr'><strong>p.</strong></span> <span class='ocrx_word' id='word_1_208' title='bbox 927 4037 987 4088; x_wconf 78' lang='lat'><strong>228.</strong></span> 
     </span>
    </p>
   </div>
   <div class='ocr_carea' id='block_1_8' title="bbox 155 4122 1188 4281">
    <p class='ocr_par' dir='ltr' id='par_1_10' title="bbox 155 4122 1188 4281">
     <span class='ocr_line' id='line_1_31' title="bbox 155 4122 1188 4200; baseline 0.007 -27"><span class='ocrx_word' id='word_1_209' title='bbox 155 4122 197 4190; x_wconf 74' lang='grc' dir='ltr'><strong>ιθ)</strong></span> <span class='ocrx_word' id='word_1_210' title='bbox 218 4122 294 4192; x_wconf 82' lang='lat' dir='ltr'><strong>Quot</strong></span> <span class='ocrx_word' id='word_1_211' title='bbox 312 4123 340 4174; x_wconf 88' lang='lat' dir='ltr'><strong>in</strong></span> <span class='ocrx_word' id='word_1_212' title='bbox 357 4123 450 4185; x_wconf 81' lang='lat' dir='ltr'><strong>tabula</strong></span> <span class='ocrx_word' id='word_1_213' title='bbox 462 4143 609 4182; x_wconf 81' lang='lat' dir='ltr'><strong>marmoren</strong></span> <span class='ocrx_word' id='word_1_214' title='bbox 629 4130 753 4198; x_wconf 83' lang='lat' dir='ltr'><strong>sequenti</strong></span> <span class='ocrx_word' id='word_1_215' title='bbox 772 4129 850 4200; x_wconf 84' lang='lat' dir='ltr'><strong>(Mus.</strong></span> <span class='ocrx_word' id='word_1_216' title='bbox 869 4129 933 4186; x_wconf 77' lang='lat' dir='ltr'><strong>erit.</strong></span> <span class='ocrx_word' id='word_1_217' title='bbox 953 4147 981 4183; x_wconf 86' lang='lat' dir='ltr'><strong>n·</strong></span> <span class='ocrx_word' id='word_1_218' title='bbox 1002 4147 1044 4186; x_wconf 79' lang='lat' dir='ltr'><strong>at.</strong></span> <span class='ocrx_word' id='word_1_219' title='bbox 1059 4129 1104 4200; x_wconf 77' lang='lat' dir='ltr'><strong>aa)</strong></span> <span class='ocrx_word' id='word_1_220' title='bbox 1122 4144 1188 4181; x_wconf 89' lang='lat' dir='ltr'><strong>con-</strong></span> 
     </span>
     <span class='ocr_line' id='line_1_32' title="bbox 216 4207 680 4281; baseline 0.037 -25"><span class='ocrx_word' id='word_1_221' title='bbox 216 4207 350 4276; x_wconf 80' lang='lat' dir='ltr'><strong>spicimus,</strong></span> <span class='ocrx_word' id='word_1_222' title='bbox 372 4228 417 4281; x_wconf 84' lang='lat' dir='ltr'><strong>ap.</strong></span> <span class='ocrx_word' id='word_1_223' title='bbox 436 4213 599 4274; x_wconf 83' lang='lat' dir='ltr'><strong>Lenormont</strong></span> <span class='ocrx_word' id='word_1_224' title='bbox 616 4214 680 4272; x_wconf 82' lang='lat' dir='ltr'><strong>ibid.</strong></span> 
     </span>
    </p>
   </div>
   <div class='ocr_carea' id='block_1_9' title="bbox 0 0 1460 4882">
    <p class='ocr_par' dir='ltr' id='par_1_11' title="bbox 0 0 1460 4882">
     <span class='ocr_line' id='line_1_33' title="bbox 0 0 1460 4882; baseline 0 0"><span class='ocrx_word' id='word_1_225' title='bbox 0 0 1460 4882; x_wconf 95' lang='lat' dir='ltr'><strong> </strong></span> 
     </span>
    </p>
   </div>
  </div>
 </body>
</html>
