2920 4868
522 463 577 486 ,--
630 427 774 496 17-

110 620 442 704 nanda'oonlerant,
480 645 552 688 eam
587 621 725 715 quidem
756 623 966 732 sqntentiam‘
985 620 1117 710 laudat,
1155 647 1195 694 ex

113 777 177 844 qua
207 731 361 826 homihes
395 749 536 816 maximo
576 749 665 817 bene
699 747 853 816 iaciendo
897 747 978 816 deos
1017 751 1198 832 imitantur,

110 875 200 941 huuc
225 892 337 940 tamen
362 874 397 938 in
422 871 561 940 modum
584 874 736 966 corrigit,
761 891 798 941 ut
812 862 906 940 ὅταν
932 865 1198 964 antarpot-too

109 994 252 1065 adiiciat.
323 1000 429 1083 Quam
471 989 708 1088 εὐδαιμονίαν
749 1019 819 1064 non
859 995 970 1064 Stoice
1003 999 1042 1066 in
1077 1000 1199 1065 vir-ama

111 1119 298 1206 exercenda
323 1123 434 1214 ponit,
457 1119 494 1188 id
520 1122 613 1216 quod
638 1149 656 1188 a
678 1119 1051 1215 genuina·Graecorum
1081 1122 1199 1190 indole

110 1243 289 1338 discrepat,
311 1242 373 1320 ¹sed
398 1245 435 1310 in
459 1243 587 1338 gaudiis
609 1243 850 1346 percipiendis,
875 1246 911 1310 in
935 1241 1034 1311 iestis
1050 1241 1198 1337 agendis,

111 1369 146 1432 in
169 1365 386 1460 philosophia
416 1367 608 1460 artibusque
646 1369 798 1462 ingenuis
833 1366 1050 1434 exercendis·
1105 1370 1198 1451 Quae

110 1488 245 1582 quidem
269 1491 373 1558 verba
400 1492 584 1558 erintimo
609 1491 703 1584 quasi
726 1489 933 1586 Graeeorum
957 1509 1198 1583 pectore'nata
1232 1569 1235 1574 Δ
1300 1485 1308 1506 “

11 1611 12 1628 *
110 1637 190 1680 esse·
207 1611 383 1695 videntur,
427 1639 532 1707 quum
564 1614 615 1681 his
640 1613 741 1682 rebus
765 1637 881 1680 eornm
896 1637 899 1646 ’
917 1615 981 1682 vita
1006 1613 1098 1684 felir¹
1118 1639 1199 1684 cona

111 1740 262 1808 tinaatun
1231 1827 1235 1834 Ι

209 1861 285 1943 Quo
313 1853 485 1925 Strabonis
511 1852 587 1926 loco
615 1857 841 1942 considerato,
873 1881 913 1928 eo
938 1859 1067 1929 facilius
1092 1883 1198 1956 appas

22 2069 29 2078 ,
111 1983 210 2063 rabit,
255 1964 340 2074 quae
366 1983 408 2048 sit
432 1983 540 2075 prima
575 1995 614 2052 nc
635 1982 831 2076 principalis
857 1981 1016 2052 festorum
1045 1985 1197 2053 celebras

77 2085 85 2091 .
113 2117 218 2187 torum
245 2129 366 2172 caussa.
419 2105 510 2186 Quae
534 2129 588 2169 res
610 2122 681 2170 tum
701 2105 871 2200 pqnotione
900 2105 967 2171 diei
993 2107 1068 2174 sesti
1095 2131 1197 2200 quarn

110 2253 209 2322 supra
227 2230 418 2324 posuimus,
441 2247 512 2294 tum
538 2252 578 2294 ex
602 2230 675 2320 ipsa
696 2226 837 2296 deorum
853 2226 1059 2296 Graecorum
1077 2249 1195 2299 natura

11 2381 12 2406 ÷
109 2354 204 2444 sequi
226 2351 366 2420 videtur.
432 2354 484 2417 De
522 2351 687 2418 historicis
724 2349 863 2444 quidem
886 2350 1008 2433 teriia,
1052 2377 1195 2445 quarum
1229 2351 1232 2364 ⁴
1299 2335 1305 2352 ’

11 2439 12 2460 i
106 2474 271 2567 plurimae
297 2473 468 2540 definitam
493 2459 606 2540 ansam
626 2474 805 2556 habebant,
833 2499 995 2571 quaerere
1019 2497 1093 2543 non·
1107 2499 1193 2570 opus

110 2613 173 2679 est,
211 2599 340 2690 quippe
366 2621 469 2688 quum
495 2596 554 2662 has
580 2621 620 2662 ex
644 2595 735 2664 nulla
761 2595 904 2679 aliare,
946 2600 1010 2664 nisi
1036 2621 1075 2664 ex
1102 2619 1192 2666 certa

108 2718 278 2813 aliquare
302 2738 393 2814 gesta
418 2717 473 2786 vel
505 2719 591 2786 saoto
630 2721 793 2813 originem
819 2685 951 2791 duitisse
980 2721 1192 2788 manilestum

11 2835 12 2844 ἵ
108 2847 166 2928 sit,
202 2871 269 2941 qua
296 2845 338 2913 de
363 2867 476 2912 caussa
503 2861 593 2911 certo
619 2842 677 2911 illo
716 2844 771 2911 dic
797 2846 994 2939 agebantur,
1036 2867 1103 2937 quo
1136 2871 1190 2912 res

11 2993 13 3058 ᾗ
109 2973 199 3038 cuius
224 2968 385 3037 memoria
411 2968 511 3061 digna
537 2985 606 3034 erat
631 2991 760 3062 quaen
784 2970 926 3060 posteris
952 2964 1189 3048 celebraretur,

107 3092 195 3160 facta
216 3111 295 3190 erup
348 3092 463 3184 Itaque
485 3111 590 3185 quum
608 3089 726 3156 harum
746 3087 929 3184 pleraeque
951 3087 994 3156 ad
1015 3091 1193 3158 victoriam

105 3213 251 3306 aliquam
276 3229 478 3305 reportatam
503 3213 732 3305 pertinerent,
767 3211 865 3278 huius
902 3208 1032 3306 generis
1065 3214 1188 3282 multae

103 3336 205 3405 leriae
230 3336 300 3404 Iovi
324 3336 512 3406 Liberatori
547 3360 659 3405 sacrae
684 3356 786 3404 erant.
815 3387 819 3394 ·
848 3335 957 3404 Simili
993 3336 1111 3406 modo
1130 3362 1188 3418 ¹ros

105 3485 185 3530 sese
201 3459 322 3540 habet,
363 3459 391 3524 si
414 3461 560 3552 privatos
582 3457 654 3554 dics
679 3458 780 3526 festos
802 3476 948 3551 spectas,
983 3455 1070 3524 inter
1102 3481 1194 3552 quas.

11 3591 12 3600 ’
105 3585 204 3651 etiam
230 3607 286 3651 eos
312 3584 481 3650 numerari
504 3581 584 3650 licet
605 3585 663 3676 qui
687 3583 728 3647 ab
752 3582 944 3649 hominibus
967 3577 1104 3647 diversis
1130 3605 1186 3650 or*

106 3704 240 3774 dinibus
272 3705 450 3799 adscriptis
485 3706 757 3786 celebrabantur,
799 3705 896 3772 sicuti
935 3703 1094 3797 Apaturia
1119 3705 1188 3790 illa

106 3827 219 3895 Ionica
226 3871 236 3909 ,
275 3853 359 3920 quae
394 3826 494 3922 digna
523 3845 616 3910 sunt,
652 3829 772 3921 quibus
807 3826 941 3918 tandem
966 3827 1188 3920 aliquando'a

107 3953 183 4020 viris
211 3952 317 4020 doctis
339 3952 453 4020 lumen
478 3947 638 4018 afferaum
702 3950 743 4016 Id
776 3951 882 4032 eninr,
923 3952 1016 4045 quo'd
1037 3951 1088 4018 his
1114 3951 1188 4017 dies·-

106 4075 168 4144 bus
195 4077 285 4150 lestis
322 4076 439 4156 fiebat,
475 4098 590 4144 corum
626 4078 789 4170 originem
823 4098 1037 4169 caussamque
1073 4093 1189 4167 aperte

104 4198 238 4269 iudicat·

971 4323 994 4393 Ω
