2906 4882
674 417 916 491 ..94-

257 642 363 692 aetate
389 645 446 690 eos
470 620 635 688 institutos
661 616 737 688 esse
765 639 917 702 censent,
947 622 970 686 ii
995 617 1140 690 Platonis
1158 617 1188 706 ²)
1215 618 1327 690 locum

255 773 356 842 supra
386 743 555 812 laudatum
589 767 658 810 uon
692 760 786 810 recte
820 744 1018 838 intelligunt.
1077 745 1210 812 Etenim
1246 745 1328 838 quid
1424 763 1425 774 ¹

258 889 306 938 est
343 869 546 948 evidentius,
579 892 679 959 quam
711 865 952 960 philosophum
987 893 1056 935 uon
1089 867 1133 934 de
1166 869 1329 935 Panathe-

255 996 369 1075 naeis‚
402 990 479 1060 scd·
495 989 538 1057 dc
563 988 742 1058 Reuditleis
774 989 891 1084 loqui,
923 988 961 1058 id
997 990 1090 1085 quod
1124 991 1222 1059 huius
1261 989 1330 1058 loci

184 1165 192 1176 .
255 1120 456 1210 interpretes
480 1114 687 1188 recentiores
713 1114 790 1180 satis
810 1137 982 1207 superque
1009 1114 1222 1182 docuerunt?
1261 1116 1330 1181 Fac

257 1259 367 1308 autem
392 1239 459 1306 hoc
482 1239 595 1330 ipsum
622 1234 845 1318 coucedatur,
878 1235 1055 1304 Platonem
1076 1239 1142 1304 hoc
1168 1236 1246 1306 loco
1268 1235 1332 1303 Pa!

255 1365 519 1431 uathcuaeornm
531 1363 739 1428 mentionem
751 1359 864 1427 iacere
877 1393 922 1409 -·
938 1380 971 1427 at
982 1362 1249 1455 quotusquisque
1265 1361 1329 1428 hoc
1426 1367 1427 1378 ¹

258 1485 488 1556 concesserit?
521 1519 568 1532 —-
599 1481 699 1550 ludos
730 1502 841 1552 tamen
890 1503 1061 1578 equestres
1100 1483 1159 1551 illo
1190 1485 1329 1552 Periclis

257 1630 409 1704 tempore
432 1611 598 1676 institutos
625 1633 701 1675 csse
717 1610 854 1674 minime
875 1606 955 1674 inde
973 1607 1085 1702 colligi
1108 1625 1230 1701 potest,
1253 1611 1330 1702 qnia

256 1733 350 1802 Plato
382 1730 426 1800 de
461 1729 741 1826 lampadephoria
774 1748 901 1798 tantum
937 1729 1107 1824 loquitur,
1141 1757 1228 1828 quae
1261 1752 1330 1800 tum
1427 1735 1428 1738 ’

259 1858 407 1950 primum
433 1881 475 1923 ex
500 1857 596 1948 cquis
618 1855 731 1920 habita
754 1872 814 1921 est

358 1978 399 2044 ln
427 1979 494 2046 hoc
518 1977 660 2046 Periclis
693 1996 825 2072 tempus
857 1977 1011 2046 incidunt
1041 1977 1115 2046 ludi
1144 1981 1265 2047 musici
1297 1982 1329 2045 iu
1428 2019 1429 2034 κ

259 2102 498 2172 Panathenaicis
519 2103 659 2170 instituti
671 2151 681 2182 ,
709 2103 837 2196 quippe
867 2127 973 2196 quum
995 2102 1193 2170 Plutarchus
1210 2097 1243 2189 ³)
1270 2105 1331 2170 Pe-

258 2227 380 2296 riclam
406 2224 498 2294 dicat
518 2224 595 2319 lege
622 2227 847 2307 constituisse,
870 2244 907 2294 ut
934 2228 1032 2294 etiam
1057 2228 1182 2294 musica
1210 2227 1248 2292 in
1271 2230 1332 2294 Pa-

256 2353 449 2422 nathenaeis
474 2353 678 2420 haberentur
694 2353 893 2437 certamiua3
919 2377 984 2445 qua
1004 2350 1048 2418 de
1066 2377 1179 2420 caussa
1197 2349 1332 2417 Odeum

259 2479 302 2544 ah
328 2501 369 2546 eo
394 2474 605 2544 aedificatum
638 2493 697 2542 est
754 2477 886 2545 Verum
914 2476 1089 2569 utriusque
1118 2477 1169 2542 rei
1200 2493 1331 2568 tempus

257 2600 441 2666 accuratius
467 2599 601 2666 definiri
624 2617 737 2691 potest
752 2623 793 2665 ex
803 2599 1071 2692 Aristothub.
1086 2597 1271 2666 Scholiasta
1289 2595 1331 2682 l),
1430 2685 1431 2700 p

258 2722 317 2816 qui
336 2717 442 2790 Callia
467 2721 626 2789 archonte
637 2717 799 2816 Phryniu‚
828 2721 1067 2808 citharoedum,
1082 2721 1331 2815 Mitylenaeum,

257 2845 486 2916 Panathenaea
509 2845 658 2939 primum
685 2841 810 2913 cithara
834 2848 952 2916 vicisse
978 2845 1109 2914 disertis
1127 2846 1242 2912 verbis
1266 2864 1330 2912 tra-

258 2966 316 3040 dit.
366 2969 431 3054 Qui
459 2967 582 3037 Callias
608 2988 658 3036 est
689 2971 734 3051 is,
769 2972 828 3063 qui
856 2973 930 3038 vivo
960 2968 1092 3037 Pericle
1128 2967 1182 3035 Ol.
1209 2969 1276 3050 821,
1301 2974 1330 3034 1.

115 3139 121 3148 ,
260 3093 327 3160 boc
362 3115 502 3159 munere
534 3091 668 3160 iunctus
708 3113 758 3161 est
775 3088 816 3178 5).
874 3095 993 3186 Neque
1029 3117 1108 3160 vero
1145 3089 1330 3160 citharoedi

257 3233 385 3284 tautum
413 3217 467 3282 his
500 3213 590 3282 ludis
622 3218 811 3297 certabant,
850 3241 966 3283 rerum
1000 3218 1098 3283 etiam
1132 3213 1267 3283 aulocdi
1284 3210 1330 3299 6);

257 3339 324 3408 huc
344 3337 477 3408 accedit
501 3339 614 3432 quod,
640 3357 677 3406 ut
701 3340 737 3404 in
759 3339 830 3405 aliis
857 3341 1062 3407 Graecorum
1084 3339 1204 3407 diebus
1230 3339 1330 3416 sestis,

256 3465 302 3531 ita
336 3465 371 3530 iu
403 3463 643 3530 Panathenaeis
681 3465 780 3532 etiam
812 3463 907 3530 chori
943 3463 1041 3556 cyclii
1059 3463 1106 3549 t),
1141 3463 1329 3530 saltationes

259 3585 391 3680 aliaque
416 3586 453 3653 id
478 3609 581 3682 genus
607 3584 783 3655 sollemnia
801 3588 1023 3655 habebantur.
1073 3589 1225 3682 Namque
1249 3611 1330 3680 pyr-

305 3755 337 3820 a)
352 3753 418 3821 liep.
438 3752 499 3804 init

310 3843 339 3907 3)
358 3839 453 3890 Periel
470 3856 492 3890 c.
515 3840 553 3893 13.

308 3929 336 3997 4)
354 3943 377 3976 v.
395 3943 456 3994 ⁹5¹·
491 3924 557 3976 Eum
577 3922 744 3991 transcripsit
761 3921 865 3973 Suidas.
887 3939 906 3972 a.
927 3938 950 3974 v.
974 3923 1089 3992 Φρῦνις.
1117 4003 1122 4012 ‚

310 4017 337 4083 h)
357 4013 503 4065 cottam.
525 4012 582 4064 Par.
604 4013 651 4081 Ep.
669 4013 712 4080 st.

307 4107 338 4174 6)
355 4102 423 4153 Poll.
442 4095 544 4160 1v‚'1o.

308 4195 336 4261 7)
356 4190 449 4256 Lysiae
470 4187 550 4240 ainai.
571 4183 670 4255 «impoti.
690 4203 714 4253 p.
740 4184 794 4244 161,
814 4183 829 4232 1,
851 4183 891 4250 39.
