2906 4882
660 432 903 498 -..58..

237 625 321 692 deae
353 651 437 718 quae
475 625 572 719 longe
610 613 858 719 prospiciam),
898 609 988 717 quod
1030 623 1118 690 idem
1147 624 1269 692 *festum
1305 651 1322 687 a

237 747 418 816 Corinthiis
443 750 613 817 Minervae
638 749 684 840 τῇ
709 735 898 814 Ἑλλωτίδι
924 747 1089 839 agebatur.

336 873 445 938 Locus
478 887 587 967 autem
621 895 688 964 quo
704 879 708 899 ¹
726 869 936 964 lampadibus
979 842 1192 971 currebatur
1218 857 1324 934 trihus

235 994 302 1062 illis
327 995 439 1077 feriis,
464 1014 616 1061 accurate
640 983 798 1062 definitur
822 1022 840 1061 a
866 995 1054 1075 veteribus,
1080 996 1221 1060 maxime
1244 1003 1323 1058 vero

236 1143 256 1185 a
281 1119 440 1186 Pausania
463 1113 506 1202 13)
533 1137 565 1184 et
589 1118 813 1211 Aristophane
837 1111 892 1207 Ι4).
941 1116 1128 1210 Lampadas
1153 1119 1242 1182 enim
1268 1127 1322 1182 ae·

237 1239 466 1307 cendebantur
490 1240 525 1304 in
550 1263 605 1305 ara
628 1241 759 1306 Amoris
783 1233 841 1332 ¹5),
866 1253 973 1333 quam'
987 1242 1077 1306 iusta
1100 1237 1318 1306 Academiam

232 1363 378 1430 Charmo
402 1363 598 1428 Atheniensi
623 1363 809 1454 Pisistratus
843 1362 1082 1432 aedificaverat.
1140 1363 1210 1428 Iam
1235 1361 1319 1428 lam·

189 1571 197 1596 ,
229 1483 318 1579 pade
334 1507 474 1550 accensa
495 1485 630 1550 iuvenes
656 1485 835 1552 curreba'nt
859 1486 901 1552 ab
927 1511 983 1551 ura
999 1485 1201 1564 Promethei,
1219 1497 1319 1578 qnam

232 1609 365 1675 Amoris
392 1631 467 1672 arae
491 1609 717 1700 propinquam
749 1607 853 1674 fuisse
884 1633 925 1674 ex
957 1609 1011 1675 his
1034 1599 1126 1674 'lo'eis
1153 1605 1319 1701 'colligen-

122 1725 124 1734 ’
231 1729 313 1798 dum
339 1749 412 1826 est,
436 1729 734 1822 per'Ceramicum
760 1722 990 1796 extra'urbem
1016 1733 1114 1796 situm
1140 1731 1315 1824 usquead

146 1931 150 1940 ¹
229 1855 323 1924 urbis
348 1855 482 1920 moenia
505 1845 559 1941 ¹⁶).
622 1856 708 1919 Tres
739 1870 849 1919 autem
878 1852 1106 1920 adolescentes
1131 1852 1317 1921 Athenien-

200 1957 203 1962 Δ
231 2003 283 2047 ses
307 1977 399 2044 huuc
425 1976 543 2043 ludum
568 1971 702 2069 semper
727 1969 905 2042 adomas'se
923 1973 1073 2042 videmus
1091 1993 1123 2042 et
1148 1997 1188 2042 ex
1209 1978 1318 2068 ipsius

227 2101 409 2168 Pausaniae
435 2100 569 2182 verbis,
616 2099 674 2192 qui
705 2095 916 2190 lampadibus
953 2087 1105 2166 omnium
1133 2101 1236 2167 trium·
1250 2085 1319 2167 'exss

230 2226 358 2293 stinetis
384 2227 554 2292 victoriam
590 2218 725 2289 anullo
750 2238 953 2313 reportatam
981 2243 1056 2288 esse
1081 2221 1184 2303 dicit,
1219 2239 1318 2290 etex

231 2332 384 2417 vasorum
408 2350 606 2443 imaginibus
618 2397 628 2428 ‚
670 2369 755 2440 quae
780 2369 952 2437 nunquam
985 2341 1099 2437 plures
1125 2371 1225 2440 quam
1250 2357 1318 2415 tres

115 2517 119 2542 r
227 2470 461 2568 adolescentes
491 2469 702 2563 lampadibus
739 2485 912 2534 curreutes
953 2468 1052 2534 nohis
1089 2487 1164 2536 ante
1202 2469 1319 2538 oculos

227 2595 363 2688 ponu‘nt
385 2586 439 2684 ¹7).
493 2594 692 2685 Quicunque
718 2593 818 2685 igitur
834 2591 931 2658 huius
950 2589 1022 2658 ludi
1046 2593 1228 2687 participes
1247 2617 1318 2662 esse

233 2716 404 2799 volebant,
429 2719 465 2782 in
480 2733 591 2809 partes
610 2713 861 2797 dividebantur,
886 2735 971 2809 quac
991 2733 1102 2784 ternos
1122 2717 1318 2786 adolescen-

233 2843 281 2909 tes
309 2839 539 2920 assiduabant,
564 2839 608 2904 ita
630 2857 667 2905 ut
691 2856 740 2906 tot
759 2840 907 2931 praemia
931 2831 1210 2932 proponerentur,
1238 2859 1319 2934 quot

231 2983 342 3058 partes
367 2959 608 3062 exstarent'ss).
660 2963 724 3046 Qui
755 2961 892 3055 quidem
923 2960 1152 3030 adolescentes
1176 2988 1245 3033 non
1272 2967 1315 3030 ita

241 3125 507 3142 mum-¹·

239 3261 245 3270 ·
271 3244 313 3316 ra)
333 3241 421 3313 Quam
447 3257 540 3292 vocem
555 3237 682 3294 Titulus
701 3257 716 3290 a
736 3240 818 3291 verbo
846 3239 919 3294 ἑλεῖν
943 3245 1037 3290 auctor
1064 3239 1149 3308 Etym.
1166 3241 1203 3293 Μ.
1221 3259 1318 3313 perpe·

336 3335 392 3380 rain
411 3329 524 3382 derivat.
559 3327 678 3380 Eandem
697 3328 770 3381 enim
789 3325 874 3378 habet
890 3327 1021 3396 originem
1038 3345 1119 3398 quam
1134 3328 1242 3397 Ἑλένη,
1263 3335 1316 3386 Σε.

334 3417 408 3486 λὴνη,
419 3413 496 3482 Ἕλλη
514 3424 596 3486 atque
616 3424 737 3466 nostrum
754 3415 819 3470 hell.

205 3531 208 3539 ·
240 3507 352 3576 ’13)’1
372 3507 415 3564 30,
435 3521 459 3554 2.
496 3503 525 3554 cf
540 3503 612 3554 Suid.
634 3511 662 3555 et
680 3503 766 3571 etym,
786 3503 823 3554 M.
844 3521 864 3554 s.
881 3520 907 3554 v.
925 3507 1108 3577 Κεραμεικος.

162 3609 167 3620 ·
270 3594 311 3664 14)
332 3596 399 3645 Rau.
421 3610 468 3660 ¹29
486 3608 545 3661 sqq.
582 3591 615 3646 cf.
639 3593 703 3646 1085
717 3608 776 3662 sqq.
812 3591 958 3660 Utriusque
977 3592 1029 3644 loci
1046 3592 1100 3658 vid.
1121 3593 1209 3646 Schol.

267 3682 309 3750 15)
331 3680 398 3732 Plut
420 3679 512 3736 Solon.
532 3696 554 3730 e.
580 3696 602 3732 ι.
624 3687 693 3732 extr.

267 3768 308 3839 16)
327 3767 407 3822 Plura
433 3764 538 3817 dehoc
562 3766 700 3818 Ceramico
726 3766 781 3818 vid.
813 3783 853 3832 ap.
881 3767 1030 3818 Meursium
1056 3765 1090 3817 de
1110 3765 1248 3816 Ceramico
1267 3782 1312 3834 ga—

293 3879 297 3897 =
332 3854 406 3904 mino
425 3861 453 3904 ct
471 3851 558 3926 Leuke
578 3861 682 3924 topogr.
701 3853 849 3930 osfldthens
888 3871 910 3921 p.
933 3856 1059 3923 29o‘sqq.

266 3944 307 4013 ¹7)
325 3930 493 4000 Tischbein,
520 3941 604 3992 Vases
631 3940 804 3992 d'llaruilton.
836 3941 869 3992 T.
896 3942 928 3992 11.
958 3941 994 4010 pl.
1016 3942 1058 3994 25.
1085 3941 1116 3991 Τ.
1136 3940 1182 3990 111.
1211 3939 1248 4008 pl,
1270 3942 1312 4007 48.

333 4028 405 4080 Illud
425 4037 514 4078 autem
534 4028 628 4079 horum
645 4045 768 4080 vasorum
789 4026 822 4078 ad
833 4021 1021 4080 Panathenaea
1041 4027 1165 4097 pluribus
1183 4026 1217 4077 de
1235 4044 1312 4078 caus·

333 4115 369 4165 sis
387 4132 442 4165 non
462 4115 588 4183 pertinet.

266 4206 307 4274 ιθ)
333 4202 426 4254 Errare
460 4203 541 4271 igitur
579 4202 686 4255 videtur
719 4201 818 4269 Caylus
857 4201 983 4271 (decurii
1018 4194 1197 4272 d'Antiquitr's
1232 4183 1310 4251 iat,
