2920 4868
671 416 946 484 -32-r

232 609 467 679 observarunt
502 608 565 674 Ios.
608 585 775 700 Scaliger,
821 608 981 677 Corsiuus
1012 601 1061 700 ²¹²)
1098 607 1221 704 aliique
1255 611 1332 706 q'uia

249 735 429 824 scriptores
454 749 598 824 utraque·
619 732 765 798 instituta
790 733 834 798 ad
863 734 1125 826 Atticaefpagos
1151 760 1169 798 a
1195 735 1329 804 Theseo

247 859 442 924 coniunctos
480 855 638 922 referunt.
704 855 741 922 In
775 881 822 922 eo.
847 875 957 923 autem
990 857 1204 924 vehementer
1243 879 1331 926 errat

246 980 404 1072 Scaliger,
430 977 523 1072 quod
545 981 641 1044 etiam
655 979 865 1046 Theseorum
888 979 1009 1046 festum
1030 1006 1048 1046 a
1067 982 1250 1048 Metoeciis·
1263 1007 1332 1050 non

233 1102 380 1170 *differre
403 1102 495 1185 dicit,
523 1128 627 1196 quum
650 1103 781 1170 Thesea
806 1121 921 1170 octavo
944 1105 1067 1170 mensis
1084 1101 1139 1170 die
1165 1104 1332 1173 celebrata

247 1251 319 1296 essc
346 1245 474 1296 constet
491 1220 551 1318 ²³).
617 1225 781 1320 Synoecia
805 1252 883 1295 vero
918 1228 986 1296 'sive
1012 1227 1178 1318 Metoecia
1201 1226 1332 1296 Pl'utar·

247 1352 328 1418 chus
338 1344 386 1433 ²4)
411 1352 448 1416 in
465 1350 633 1416 decimum
651 1368 779 1417 sextum
792 1351 1090 1438 Hecatomhaeonis
1112 1350 1203 1418 diem
1218 1352 1330 1420 refert

244 1474 364 1568 Neque
389 1475 477 1540 enim
506 1473 576 1555 est,’
604 1497 664 1540 cur
686 1473 742 1540 hic
769 1472 963 1541 scholiastae
989 1475 1177 1540 testimonio
1204 1473 1331 1542 diffida-

243 1622 334 1678 mus,
360 1621 463 1690 quum
486 1597 669 1690 Hesychius
687 1590 734 1681 ²⁵)
766 1597 855 1662 inter
889 1594 960 1664 dies
994 1596 1058 1664 deo
1085 1595 1183 1664 alicui
1208 1623 1330 1680 sacros,

245 1739 397 1790 octavum
411 1721 543 1818 Theseo
570 1718 761 1786 dedicatum
785 1739 950 1802 numeret,
974 1723 1034 1788 etsi
1052 1722 1225 1814 utriusque
1248 1723 1331 1788 scri-

244 1845 351 1937 ptoris
377 1844 660 1936 computationem
685 1867 725 1908 ex
750 1867 816 1910 uno
843 1842 1030 1938 eodemque
1059 1846 1151 1914 sonte
1179 1847 1329 1916 haustam

243 1991 314 2032 csse
339 1964 515 2033 verisimile
538 1983 596 2034 est.
646 1964 722 2042 Huc
746 1964 877 2032 accedit
901 1967 995 2060 quod
1019 1970 1056 2034 in
1081 1969 1221 2036 Theseis
1252 1991 1326 2032 cer-

128 2089 133 2100 *
244 2107 355 2156 tamen
370 2088 508 2156 sortasse
528 2089 719 2182 gymnicum
739 2087 839 2156 fuisse
856 2086 995 2180 legimus
1008 2090 1100 2182 apud
1114 2090 1261 2158 Gellium
1269 2083 1329 2182 ²⁶),

245 2235 345 2305 quam
364 2235 437 2278 rem
451 2212 488 2277 in
510 2211 684 2312 Metocciis
701 2207 817 2308 locum
835 2209 990 2276 habuisse
1007 2209 1169 2280 credibile
1185 2239 1256 2282 non
1270 2201 1329 2298 eit,

191 2305 195 2312 ι
238 2337 322 2429 quia
350 2336 529 2402 certamina
556 2335 755 2421 cumtrebus
777 2336 879 2402 saeris
909 2337 954 2402 ita
979 2359 1113 2428 semper
1153 2338 1330 2406 coniuncta

243 2455 356 2539 erant,
381 2475 418 2525 ut
441 2481 552 2550 neque
578 2456 746 2550 inquilini,
771 2481 835 2524 nec
863 2459 1035 2551 peregrini
1050 2483 1142 2553 quos
1168 2479 1329 2555 utrosque

243 2582 410 2650 Metoecia
427 2579 632 2672 spectabant,
658 2578 720 2646 sed
740 2580 826 2648 cives
846 2597 973 2654 tantum
990 2583 1081 2650 urbis
1103 2581 1239 2650 illorum
1256 2611 1329 2652 cer-

243 2705 404 2774 taminum
428 2703 609 2796 participes
635 2727 707 2770 esse
727 2721 875 2796 possent.
931 2703 1049 2788 Qualia
1073 2726 1182 2774 autem
1206 2706 1330 2776 fuerint

243 2828 410 2897 Metoecia
436 2852 475 2894 ex
500 2828 615 2920 paucis
640 2827 705 2894 illis
731 2829 933 2920 scriptorum
963 2831 1158 2897 testimoniis
1189 2832 1330 2926 intelligi

245 2977 315 3024 uon
335 2970 470 3046 potest,
492 2949 552 3018 sed
578 2951 739 3044 cuiusque
764 2952 843 3018 anni
866 2953 1014 3020 xvlmo.
1031 2952 1328 3022 Hecatombaeonis

247 3073 302 3140 die
325 3092 396 3142 acta
421 3100 510 3156 esse,
547 3072 740 3142 admodum.
769 3093 819 3142 est
855 3074 1048 3166 probabile,
1088 3078 1212 3168 partim
1250 3080 1328 3170 quia

248 3197 359 3266 nullus
375 3199 578 3291 scriptorum
599 3223 638 3264 ea
649 3197 875 3291 penmeterica
889 3196 942 3268 vel
965 3199 1130 3266 trieterica
1141 3199 1242 3268 fuisse
1263 3220 1329 3268 tra·

248 3322 314 3405 dit,
335 3324 457 3416 purtim
482 3322 579 3415 quia,
604 3319 698 3412 quod
721 3321 829 3392 statim
853 3320 1055 3403 videbimus,
1082 3347 1157 3389 cum
1169 3325 1331 3392 Panathe·²

248 3449 339 3514 naeis
363 3448 409 3512 ita
435 3445 631 3527 cohaerent,
656 3462 694 3511 ut
719 3441 773 3510 die
795 3445 861 3512 hoc
885 3443 1005 3512 festum
1026 3445 1237 3516 antecedenti
1258 3467 1328 3516 acta

249 3593 321 3666 esse
345 3567 527 3637 videantur.

248 3699 537 3714 ω...-

285 3753 331 3824 as)
349 3751 380 3803 F,
396 3753 426 3803 Δ.
447 3758 466 3802 t.
486 3745 521 3809 ΙΙ.
538 3766 565 3818 p.
583 3747 642 3820 347.

286 3839 332 3910 23)
352 3837 441 3890 Schol.
460 3838 502 3891 Ar.
520 3837 594 3895 Plut.
614 3838 675 3906 627.
699 3848 772 3905 ¹¹²7·

286 3930 332 3996 24)
348 3924 430 3982 Thes.
450 3941 472 3982 c.
493 3925 534 3977 23.

286 4013 332 4083 25)
351 4029 370 4064 s.
388 4029 413 4066 v.
428 4009 582 4082 Ὀγδόδιον.
611 4005 707 4064 lisdem
726 4007 783 4061 fere
799 4006 888 4061 verbis
906 4009 991 4062 utitur
1010 4007 1085 4062 sut

288 4099 334 4172 26)
352 4099 385 4158 N.
402 4099 432 4151 Α.
451 4097 506 4151 XV.
525 4113 585 4174 ²⁰2*

1441 767 1444 962 1
