2920 4868
552 422 801 492 ...31-

64 643 68 656 ¹
132 615 342 682 Athenarum
370 616 566 696 antistitem,
593 639 692 708 quam
717 613 838 680 Graeci
863 605 1036 681 Πολιάδα
1066 617 1134 683 sive
1152 613 1227 692 Πο-

133 735 287 830 λιοῦχον
329 739 503 806 vocabant.
574 741 667 822 Quae
704 761 757 803 res
793 754 826 802 et
856 737 898 802 ab
930 740 1154 834 Aristophane
1181 741 1225 828 ¹7)

136 863 368 943 confirmatur,
409 862 469 955 qui
501 861 642 956 peplum
676 863 848 928 Minervae
872 861 1002 930 Poliadi
1037 867 1073 932 in
1098 889 1225 960 pompa
1287 873 1296 890 ⁸

133 985 390 1054 Atheniensium
411 1003 581 1078 portatum
623 1009 695 1054 esse
730 983 829 1069 dicit,
871 1002 904 1052 et
938 985 1033 1056 titulo
1061 989 1226 1058 Choiseu-

135 1108 225 1177 linno
251 1103 294 1193 ¹3)
327 1110 385 1201 qui
421 1107 611 1176 athlothetis
636 1111 672 1176 in
695 1107 923 1176 Panathenaea
946 1110 1075 1178 Maiora
1114 1113 1228 1180 eMt'-

136 1257 264 1300 nervae
288 1231 447 1304 Poliadis
473 1235 600 1301 aerario
624 1234 789 1327 pecuniae
819 1257 980 1301 summam
1014 1233 1125 1303 datam
1148 1261 1222 1306 esse

135 1355 246 1424 tradit
297 1358 409 1451 Atque
435 1359 621 1430 Minervam
645 1356 837 1440 Poliadem,
873 1381 943 1426 non
968 1357 1143 1452 Virginem
1171 1360 1226 1428 rel

134 1484 434 1575 Propuguatricem
462 1506 540 1548 cum
565 1481 784 1548 Erichthonio
816 1484 1027 1550 coniunctam
1053 1505 1143 1566 esse,
1174 1485 1225 1550 vi-

135 1601 254 1670 demus
279 1628 321 1670 ex
345 1602 482 1670 historia
506 1604 548 1672 ab
574 1601 746 1672 Herodoto
772 1594 818 1692 ¹⁹)
856 1602 898 1689 da
932 1605 1124 1700 Epidauriis
1149 1629 1227 1673 nan-

133 1745 215 1798 ratn.
266 1726 326 1792 His
353 1729 442 1793 enim
463 1725 510 1814 ad
535 1747 644 1796 terrae
668 1725 875 1794 sterilitatem
899 1726 1083 1798 tollendam
1108 1753 1226 1800 oracu-

132 1851 204 1920 lum
230 1851 407 1922 consilium
432 1850 543 1934 dedit,
583 1869 620 1918 ut
640 1852 776 1918 Damiae
803 1870 836 1918 et
860 1853 1023 1920 Auxesiae
1046 1853 1221 1922 simulacra

134 1975 286 2068 oleagina
308 1973 473 2056 lacerent,
485 2055 487 2060 ,
500 1999 566 2068 qua
584 1973 627 2040 de
654 1999 767 2042 caussa
792 1976 833 2042 ab
847 1976 1107 2062 Atheniensibus
1135 1975 1225 2044 oleas

135 2101 314 2192 petierunt,
337 2098 465 2190 quippe
482 2121 589 2188 quum
606 2097 668 2161 hae
688 2095 752 2174 alio
770 2094 848 2163 loco
869 2121 938 2164 non
956 2117 1147 2166 crescerent
1160 2095 1224 2192 ²⁰).

135 2221 183 2288 Ea
204 2239 315 2288 autem
339 2219 532 2287 conditione
552 2219 771 2310 Athenienses
797 2221 848 2286 his
873 2221 1032 2314 precibus
1058 2222 1227 2290 satisfece-

134 2363 230 2427 runt,
264 2363 302 2412 ut
332 2343 383 2411 illi
405 2345 581 2438 quotannis
606 2346 786 2414 Minervae,
800 2341 930 2410 Polisdi
952 2363 985 2410 at
1002 2345 1223 2414 Erichthonio

135 2493 229 2536 sacra
254 2466 413 2536 lacerent.
463 2466 513 2536 Ex
538 2467 722 2550 hocloco,
748 2489 850 2560 quem
868 2464 980 2534 multis
1006 2465 1078 2532 aliis
1103 2491 1224 2564 augere

137 2592 279 2683 possim,
302 2608 457 2684 apparet,
484 2591 670 2658 Minervam
693 2586 868 2658 Poliadem
893 2589 1096 2658 fertilitatem
1122 2615 1224 2684 quem

139 2713 283 2781 diximus
304 2714 448 2780 Atticam
470 2739 535 2780 una
556 2736 630 2780 curn
645 2714 865 2780 Erichthonio
884 2711 1018 2798 afferre3
1045 2731 1078 2778 et
1103 2732 1225 2805 quanta

136 2836 237 2903 suerit
250 2836 285 2902 in
295 2835 534 2902 Panathenaeis
549 2833 724 2902 celebratis
745 2834 836 2902 oleae
849 2835 909 2916 vis,
928 2835 1014 2901 infra
1027 2833 1223 2902 ridebimus.
1318 2897 1319 2904 ,

237 2958 462 3026 Confirmatur
487 2975 596 3024 autem
616 2957 699 3022 haee
733 2958 895 3022 sententia
921 2955 964 3023 de
985 2959 1223 3025 Panathenaicis

137 3085 173 3150 in
196 3081 343 3151 Poliadis
368 3084 530 3150 honorem
557 3082 637 3147 actis
663 3083 726 3146 i.e.
752 3081 1059 3148 Panathenacorum
1085 3084 1221 3166 urbana,

138 3225 174 3273 ut
198 3208 243 3272 ita
268 3205 400 3287 dicam,
431 3224 548 3272 natura
573 3203 746 3297 Synoeciis
779 3203 897 3272 itidem
922 3231 941 3270 a
965 3207 1100 3274 Theseo
1125 3209 1222 3274 insti-

139 3333 215 3398 tutis
232 3322 297 3420 Ἰ),
336 3328 430 3422 quod
454 3327 575 3397 festum
602 3355 620 3395 a
645 3329 819 3398 Metoeciis
853 3328 944 3396 haud
971 3329 1104 3395 differre
1129 3346 1220 3395 recte

146 3461 423 3474 ...u-unam

179 3529 285 3598 17)Av.
304 3531 363 3582 828.

175 3613 352 3690 18)Boeckh.
375 3615 491 3673 C.l.n.
513 3614 569 3684 147.
606 3613 639 3665 cl.
658 3611 901 3667 Stratsh.rLAth.
917 3615 951 3666 11.
968 3631 995 3683 p.
1017 3613 1072 3668 165.
1108 3611 1147 3664 Ex
1168 3619 1223 3684 quo
1300 3661 1303 3679 ι

242 3703 323 3756 titulo
342 3701 409 3772 quid
427 3702 542 3772 amplius
558 3702 588 3753 in
606 3717 661 3753 rem
679 3710 797 3754 noctram
814 3709 963 3772 sequatur,
981 3699 1039 3755 vid.
1058 3699 1136 3752 infra.

177 3795 217 3864 19)
235 3793 269 3844 V.
287 3795 329 3847 82

174 3882 219 3952 ro)
237 3879 278 3932 Cl
302 3877 383 3956 quh.
403 3875 472 3936 Oed,
490 3876 547 3928 Col.
565 3879 626 3943 9⁰5
645 3836 735 3928 Herm.

173 3969 218 4040 aa)
238 3965 332 4035 Steph.
352 3967 412 4032 Bye
430 3982 449 4016 s.
468 3954 991 4028 ι.’.1θῆναιε“0Θησεύςτᾶςὲνδεκα
1008 3959 1103 4020 πόλεις
1120 3951 1170 4018 τὰς
1189 3959 1220 4011 ἐν

243 4054 272 4126 τῇ
288 4053 395 4126 Ἀττικῇ
421 4057 584 4111 συνοικίσας
602 4055 640 4111 εἰς
652 4047 794 4116 Ἀθάνας,
817 4053 952 4106 Συνοίκια
972 4043 1070 4120 ἑορτὰν
1086 4045 1219 4110 κατεστή-

243 4159 319 4196 oraro
355 4139 451 4194 lisdem
471 4139 529 4194 sere
546 4138 635 4194 verbis
655 4139 742 4192 utitur
759 4136 865 4192 Charax
883 4139 1040 4207 Penegetes.
1078 4135 1111 4188 cf.
1131 4119 1253 4187 Thur.

241 4229 276 4286 11.
302 4230 346 4288 ιὸ
