<?xml version="1.0" encoding="UTF-8"?>
<!DOCTYPE html PUBLIC "-//W3C//DTD XHTML 1.0 Transitional//EN"
    "http://www.w3.org/TR/xhtml1/DTD/xhtml1-transitional.dtd">
<html xmlns="http://www.w3.org/1999/xhtml" xml:lang="en" lang="en">
 <head>
  <title>
</title>
<meta http-equiv="Content-Type" content="text/html;charset=utf-8" />
  <meta name='ocr-system' content='tesseract 3.04.00' />
  <meta name='ocr-capabilities' content='ocr_page ocr_carea ocr_par ocr_line ocrx_word'/>
</head>
<body>
  <div class='ocr_page' id='page_1' title='image "./panathenaica01muelgoog_0101.png"; bbox 0 0 2906 4882; ppageno 0'>
   <div class='ocr_carea' id='block_1_1' title="bbox 676 413 922 482">
    <p class='ocr_par' dir='ltr' id='par_1_1' title="bbox 676 413 922 482">
     <span class='ocr_line' id='line_1_1' title="bbox 676 413 922 482; baseline -0.008 -12"><span class='ocrx_word' id='word_1_1' title='bbox 676 413 922 482; x_wconf 45' lang='lat'>„832-</span> 
     </span>
    </p>
   </div>
   <div class='ocr_carea' id='block_1_2' title="bbox 246 603 1430 3547">
    <p class='ocr_par' dir='ltr' id='par_1_2' title="bbox 246 602 1431 3547">
     <span class='ocr_line' id='line_1_2' title="bbox 258 603 1336 698; baseline -0.006 -18"><span class='ocrx_word' id='word_1_2' title='bbox 258 613 286 684; x_wconf 87' lang='lat' dir='ltr'>F</span> <span class='ocrx_word' id='word_1_3' title='bbox 289 610 417 680; x_wconf 88' lang='lat' dir='ltr'>eollana</span> <span class='ocrx_word' id='word_1_4' title='bbox 442 613 507 698; x_wconf 88' lang='lat' dir='ltr'>lam</span> <span class='ocrx_word' id='word_1_5' title='bbox 527 610 698 678; x_wconf 79' lang='lat' dir='ltr'>lllonachii</span> <span class='ocrx_word' id='word_1_6' title='bbox 719 627 832 691; x_wconf 82' lang='lat' dir='ltr'>exstat,</span> <span class='ocrx_word' id='word_1_7' title='bbox 859 609 994 678; x_wconf 86' lang='lat' dir='ltr'>alteram</span> <span class='ocrx_word' id='word_1_8' title='bbox 1008 603 1336 697; x_wconf 81' lang='lat' dir='ltr'>Bartholdiauam²5)</span> 
     </span>
     <span class='ocr_line' id='line_1_3' title="bbox 258 730 1338 828; baseline -0.005 -27"><span class='ocrx_word' id='word_1_9' title='bbox 258 737 414 801; x_wconf 89' lang='lat' dir='ltr'>Museum</span> <span class='ocrx_word' id='word_1_10' title='bbox 438 733 752 828; x_wconf 76' lang='lat' dir='ltr'>reg.&#39;Be1·olinense</span> <span class='ocrx_word' id='word_1_11' title='bbox 780 733 826 818; x_wconf 91' lang='lat' dir='ltr'>(u.</span> <span class='ocrx_word' id='word_1_12' title='bbox 855 730 942 816; x_wconf 68' lang='grc'>642)</span> <span class='ocrx_word' id='word_1_13' title='bbox 975 735 1131 804; x_wconf 85' lang='lat' dir='ltr'>continet</span> <span class='ocrx_word' id='word_1_14' title='bbox 1183 735 1223 798; x_wconf 88' lang='lat' dir='ltr'>ln</span> <span class='ocrx_word' id='word_1_15' title='bbox 1255 756 1338 798; x_wconf 89' lang='lat' dir='ltr'>non-</span> 
     </span>
     <span class='ocr_line' id='line_1_4' title="bbox 256 855 1339 952; baseline -0.003 -28"><span class='ocrx_word' id='word_1_16' title='bbox 256 857 359 924; x_wconf 83' lang='lat' dir='ltr'>nullis</span> <span class='ocrx_word' id='word_1_17' title='bbox 385 857 524 951; x_wconf 89' lang='lat' dir='ltr'>quidem</span> <span class='ocrx_word' id='word_1_18' title='bbox 545 859 629 950; x_wconf 69' lang='lat' dir='ltr'>vasis</span> <span class='ocrx_word' id='word_1_19' title='bbox 655 859 817 952; x_wconf 82' lang='lat' dir='ltr'>gymnicis</span> <span class='ocrx_word' id='word_1_20' title='bbox 842 855 1052 949; x_wconf 79' lang='lat' dir='ltr'>pugilatusa</span> <span class='ocrx_word' id='word_1_21' title='bbox 1076 858 1251 950; x_wconf 85' lang='lat' dir='ltr'>pancratio</span> <span class='ocrx_word' id='word_1_22' title='bbox 1278 859 1339 921; x_wconf 90' lang='lat' dir='ltr'>mi-</span> 
     </span>
     <span class='ocr_line' id='line_1_5' title="bbox 256 980 1339 1073; baseline -0.005 -25"><span class='ocrx_word' id='word_1_23' title='bbox 256 1007 319 1048; x_wconf 87' lang='lat' dir='ltr'>nus</span> <span class='ocrx_word' id='word_1_24' title='bbox 344 981 443 1052; x_wconf 86' lang='lat' dir='ltr'>facile</span> <span class='ocrx_word' id='word_1_25' title='bbox 466 980 624 1073; x_wconf 83' lang='lat' dir='ltr'>distingui</span> <span class='ocrx_word' id='word_1_26' title='bbox 646 999 773 1073; x_wconf 89' lang='lat' dir='ltr'>potest,</span> <span class='ocrx_word' id='word_1_27' title='bbox 806 1005 908 1073; x_wconf 86' lang='lat' dir='ltr'>quam</span> <span class='ocrx_word' id='word_1_28' title='bbox 939 982 975 1046; x_wconf 93' lang='lat' dir='ltr'>in</span> <span class='ocrx_word' id='word_1_29' title='bbox 1009 981 1093 1047; x_wconf 84' lang='lat' dir='ltr'>vasis</span> <span class='ocrx_word' id='word_1_30' title='bbox 1118 981 1339 1050; x_wconf 87' lang='lat' dir='ltr'>Panathenai-</span> 
     </span>
     <span class='ocr_line' id='line_1_6' title="bbox 257 1104 1339 1200; baseline 0 -29"><span class='ocrx_word' id='word_1_31' title='bbox 257 1108 323 1187; x_wconf 89' lang='lat' dir='ltr'>cis,</span> <span class='ocrx_word' id='word_1_32' title='bbox 349 1108 386 1172; x_wconf 92' lang='lat' dir='ltr'>in</span> <span class='ocrx_word' id='word_1_33' title='bbox 412 1105 534 1200; x_wconf 86' lang='lat' dir='ltr'>quibus</span> <span class='ocrx_word' id='word_1_34' title='bbox 560 1105 702 1171; x_wconf 86' lang='lat' dir='ltr'>artifices</span> <span class='ocrx_word' id='word_1_35' title='bbox 727 1104 967 1198; x_wconf 86' lang='lat' dir='ltr'>pugilationetn</span> <span class='ocrx_word' id='word_1_36' title='bbox 990 1129 1125 1198; x_wconf 80' lang='lat' dir='ltr'><strong>semper</strong></span> <span class='ocrx_word' id='word_1_37' title='bbox 1148 1106 1193 1173; x_wconf 91' lang='lat' dir='ltr'>ita</span> <span class='ocrx_word' id='word_1_38' title='bbox 1218 1104 1339 1196; x_wconf 64' lang='lat' dir='ltr'>pinse</span> 
     </span>
     <span class='ocr_line' id='line_1_7' title="bbox 256 1224 1338 1322; baseline 0 -27"><span class='ocrx_word' id='word_1_39' title='bbox 256 1248 344 1308; x_wconf 88' lang='lat' dir='ltr'>runt,</span> <span class='ocrx_word' id='word_1_40' title='bbox 370 1248 407 1298; x_wconf 92' lang='lat' dir='ltr'>ut</span> <span class='ocrx_word' id='word_1_41' title='bbox 432 1229 515 1301; x_wconf 85' lang='lat' dir='ltr'>alter</span> <span class='ocrx_word' id='word_1_42' title='bbox 541 1227 681 1294; x_wconf 86' lang='lat' dir='ltr'>alterum</span> <span class='ocrx_word' id='word_1_43' title='bbox 705 1227 784 1295; x_wconf 90' lang='lat' dir='ltr'>solis</span> <span class='ocrx_word' id='word_1_44' title='bbox 809 1230 931 1322; x_wconf 85' lang='lat' dir='ltr'>pugnis</span> <span class='ocrx_word' id='word_1_45' title='bbox 959 1224 1084 1310; x_wconf 84' lang='lat' dir='ltr'>caedat,</span> <span class='ocrx_word' id='word_1_46' title='bbox 1110 1246 1212 1320; x_wconf 87' lang='lat' dir='ltr'>atque</span> <span class='ocrx_word' id='word_1_47' title='bbox 1238 1230 1286 1294; x_wconf 89' lang='lat' dir='ltr'>ita</span> <span class='ocrx_word' id='word_1_48' title='bbox 1305 1246 1338 1295; x_wconf 86' lang='lat' dir='ltr'>ut</span> 
     </span>
     <span class='ocr_line' id='line_1_8' title="bbox 256 1350 1337 1443; baseline -0.002 -25"><span class='ocrx_word' id='word_1_49' title='bbox 256 1372 425 1420; x_wconf 88' lang='lat' dir='ltr'>certamen</span> <span class='ocrx_word' id='word_1_50' title='bbox 450 1353 618 1443; x_wconf 82' lang='lat' dir='ltr'>integrum</span> <span class='ocrx_word' id='word_1_51' title='bbox 643 1376 714 1418; x_wconf 90' lang='lat' dir='ltr'>esse</span> <span class='ocrx_word' id='word_1_52' title='bbox 740 1350 900 1418; x_wconf 87' lang='lat' dir='ltr'>videatur.</span> <span class='ocrx_word' id='word_1_53' title='bbox 951 1350 1052 1435; x_wconf 88' lang='lat' dir='ltr'>Quod</span> <span class='ocrx_word' id='word_1_54' title='bbox 1073 1353 1109 1419; x_wconf 89' lang='lat' dir='ltr'>ui</span> <span class='ocrx_word' id='word_1_55' title='bbox 1133 1353 1177 1418; x_wconf 90' lang='lat' dir='ltr'>ita</span> <span class='ocrx_word' id='word_1_56' title='bbox 1204 1351 1337 1418; x_wconf 81' lang='lat' dir='ltr'>fecisset</span> 
     </span>
     <span class='ocr_line' id='line_1_9' title="bbox 255 1474 1336 1569; baseline 0.003 -27"><span class='ocrx_word' id='word_1_57' title='bbox 255 1477 386 1557; x_wconf 80' lang='lat' dir='ltr'>artifex,</span> <span class='ocrx_word' id='word_1_58' title='bbox 411 1475 543 1568; x_wconf 84' lang='lat' dir='ltr'>pugiles</span> <span class='ocrx_word' id='word_1_59' title='bbox 569 1498 638 1543; x_wconf 91' lang='lat' dir='ltr'>non</span> <span class='ocrx_word' id='word_1_60' title='bbox 661 1474 763 1544; x_wconf 91' lang='lat' dir='ltr'>modo</span> <span class='ocrx_word' id='word_1_61' title='bbox 789 1501 807 1542; x_wconf 85' lang='lat' dir='ltr'>a</span> <span class='ocrx_word' id='word_1_62' title='bbox 831 1475 1071 1569; x_wconf 89' lang='lat' dir='ltr'>pancratiastis,</span> <span class='ocrx_word' id='word_1_63' title='bbox 1096 1477 1336 1546; x_wconf 83' lang='lat' dir='ltr'>verumetiam</span> 
     </span>
     <span class='ocr_line' id='line_1_10' title="bbox 255 1599 1173 1692; baseline 0 -26"><span class='ocrx_word' id='word_1_64' title='bbox 255 1625 274 1666; x_wconf 88' lang='lat' dir='ltr'>a</span> <span class='ocrx_word' id='word_1_65' title='bbox 295 1599 513 1676; x_wconf 82' lang='lat' dir='ltr'>luctatoribus</span> <span class='ocrx_word' id='word_1_66' title='bbox 539 1623 639 1692; x_wconf 82' lang='lat' dir='ltr'>aegre</span> <span class='ocrx_word' id='word_1_67' title='bbox 666 1615 794 1672; x_wconf 84' lang='lat' dir='ltr'>tantum</span> <span class='ocrx_word' id='word_1_68' title='bbox 814 1599 973 1690; x_wconf 75' lang='lat' dir='ltr'>distingml</span> <span class='ocrx_word' id='word_1_69' title='bbox 991 1617 1137 1691; x_wconf 80' lang='lat' dir='ltr'>possent</span> <span class='ocrx_word' id='word_1_70' title='bbox 1170 1641 1173 1645; x_wconf 95' lang='lat'>-</span> 
     </span>
     <span class='ocr_line' id='line_1_11' title="bbox 346 1721 1336 1814; baseline -0.009 -21"><span class='ocrx_word' id='word_1_71' title='bbox 346 1725 617 1796; x_wconf 76' lang='lat' dir='ltr'>Pancratiastae</span> <span class='ocrx_word' id='word_1_72' title='bbox 633 1725 733 1802; x_wconf 89' lang='lat' dir='ltr'>enim,</span> <span class='ocrx_word' id='word_1_73' title='bbox 747 1724 806 1814; x_wconf 79' lang='lat' dir='ltr'>qui</span> <span class='ocrx_word' id='word_1_74' title='bbox 820 1721 959 1788; x_wconf 89' lang='lat' dir='ltr'>inludis</span> <span class='ocrx_word' id='word_1_75' title='bbox 972 1721 1226 1788; x_wconf 80' lang='lat' dir='ltr'>Panathenaicis</span> <span class='ocrx_word' id='word_1_76' title='bbox 1239 1721 1336 1813; x_wconf 85' lang='lat' dir='ltr'>pugi-</span> 
     </span>
     <span class='ocr_line' id='line_1_12' title="bbox 251 1843 1333 1942; baseline -0.005 -27"><span class='ocrx_word' id='word_1_77' title='bbox 251 1847 300 1916; x_wconf 85' lang='lat' dir='ltr'>les</span> <span class='ocrx_word' id='word_1_78' title='bbox 318 1848 540 1940; x_wconf 81' lang='lat' dir='ltr'>excipiebant,</span> <span class='ocrx_word' id='word_1_79' title='bbox 566 1848 610 1914; x_wconf 88' lang='lat' dir='ltr'>ita</span> <span class='ocrx_word' id='word_1_80' title='bbox 628 1863 758 1914; x_wconf 85' lang='lat' dir='ltr'>certare</span> <span class='ocrx_word' id='word_1_81' title='bbox 782 1844 901 1926; x_wconf 90' lang='lat' dir='ltr'>solent,</span> <span class='ocrx_word' id='word_1_82' title='bbox 926 1863 963 1920; x_wconf 91' lang='lat' dir='ltr'>ut</span> <span class='ocrx_word' id='word_1_83' title='bbox 988 1843 1072 1942; x_wconf 82' lang='lat' dir='ltr'>alter</span> <span class='ocrx_word' id='word_1_84' title='bbox 1096 1843 1233 1910; x_wconf 81' lang='lat' dir='ltr'>alterius</span> <span class='ocrx_word' id='word_1_85' title='bbox 1260 1869 1333 1910; x_wconf 86' lang='lat' dir='ltr'>ctus</span> 
     </span>
     <span class='ocr_line' id='line_1_13' title="bbox 252 1966 1333 2063; baseline -0.004 -27"><span class='ocrx_word' id='word_1_86' title='bbox 252 1972 400 2063; x_wconf 87' lang='lat' dir='ltr'>arripiat,</span> <span class='ocrx_word' id='word_1_87' title='bbox 427 1969 508 2035; x_wconf 92' lang='lat' dir='ltr'>dum</span> <span class='ocrx_word' id='word_1_88' title='bbox 527 1970 584 2035; x_wconf 90' lang='lat' dir='ltr'>hic</span> <span class='ocrx_word' id='word_1_89' title='bbox 601 1970 722 2061; x_wconf 87' lang='lat' dir='ltr'>pugnis</span> <span class='ocrx_word' id='word_1_90' title='bbox 741 1993 813 2038; x_wconf 88' lang='lat' dir='ltr'>sese</span> <span class='ocrx_word' id='word_1_91' title='bbox 836 1967 1024 2035; x_wconf 84' lang='lat' dir='ltr'>defendere</span> <span class='ocrx_word' id='word_1_92' title='bbox 1042 1966 1170 2034; x_wconf 78' lang='lat' dir='ltr'>&#39;studet</span> <span class='ocrx_word' id='word_1_93' title='bbox 1203 1968 1333 2040; x_wconf 78' lang='lat' dir='ltr'>Verum</span> 
     </span>
     <span class='ocr_line' id='line_1_14' title="bbox 253 2090 1334 2187; baseline -0.004 -27"><span class='ocrx_word' id='word_1_94' title='bbox 253 2097 351 2160; x_wconf 89' lang='lat' dir='ltr'>etiam</span> <span class='ocrx_word' id='word_1_95' title='bbox 371 2096 437 2161; x_wconf 90' lang='lat' dir='ltr'>hoc</span> <span class='ocrx_word' id='word_1_96' title='bbox 464 2112 633 2160; x_wconf 87' lang='lat' dir='ltr'>certamen</span> <span class='ocrx_word' id='word_1_97' title='bbox 664 2092 763 2187; x_wconf 86' lang='lat' dir='ltr'>quale</span> <span class='ocrx_word' id='word_1_98' title='bbox 795 2118 870 2158; x_wconf 86' lang='lat' dir='ltr'>vasa</span> <span class='ocrx_word' id='word_1_99' title='bbox 903 2111 1016 2159; x_wconf 89' lang='lat' dir='ltr'>nostra</span> <span class='ocrx_word' id='word_1_100' title='bbox 1047 2092 1146 2158; x_wconf 90' lang='lat' dir='ltr'>nobis</span> <span class='ocrx_word' id='word_1_101' title='bbox 1181 2090 1334 2170; x_wconf 85' lang='lat' dir='ltr'>offerunt,</span> 
     </span>
     <span class='ocr_line' id='line_1_15' title="bbox 251 2215 1333 2322; baseline -0.004 -40"><span class='ocrx_word' id='word_1_102' title='bbox 251 2221 417 2312; x_wconf 84' lang='lat' dir='ltr'>integrum</span> <span class='ocrx_word' id='word_1_103' title='bbox 444 2243 515 2286; x_wconf 86' lang='lat' dir='ltr'>esse</span> <span class='ocrx_word' id='word_1_104' title='bbox 541 2216 684 2284; x_wconf 85' lang='lat' dir='ltr'>videtur.</span> <span class='ocrx_word' id='word_1_105' title='bbox 736 2216 932 2322; x_wconf 80' lang='lat' dir='ltr'>Cuiusmodi</span> <span class='ocrx_word' id='word_1_106' title='bbox 959 2217 1200 2308; x_wconf 80' lang='lat' dir='ltr'>pancratiastas</span> <span class='ocrx_word' id='word_1_107' title='bbox 1236 2215 1333 2280; x_wconf 88' lang='lat' dir='ltr'>nobis</span> 
     </span>
     <span class='ocr_line' id='line_1_16' title="bbox 251 2335 1331 2433; baseline -0.006 -25"><span class='ocrx_word' id='word_1_108' title='bbox 251 2341 432 2409; x_wconf 89' lang='lat' dir='ltr'>ostendunt</span> <span class='ocrx_word' id='word_1_109' title='bbox 454 2365 528 2407; x_wconf 86' lang='lat' dir='ltr'>vasa</span> <span class='ocrx_word' id='word_1_110' title='bbox 551 2366 652 2433; x_wconf 89' lang='lat' dir='ltr'>supra</span> <span class='ocrx_word' id='word_1_111' title='bbox 675 2339 807 2406; x_wconf 87' lang='lat' dir='ltr'>laudata</span> <span class='ocrx_word' id='word_1_112' title='bbox 830 2341 916 2406; x_wconf 90' lang='lat' dir='ltr'>Mus.</span> <span class='ocrx_word' id='word_1_113' title='bbox 943 2342 1053 2412; x_wconf 81' lang='lat' dir='ltr'>Princ.</span> <span class='ocrx_word' id='word_1_114' title='bbox 1082 2340 1163 2405; x_wconf 90' lang='lat' dir='ltr'>Can.</span> <span class='ocrx_word' id='word_1_115' title='bbox 1189 2363 1223 2411; x_wconf 69' lang='lat' dir='ltr'>n,</span> <span class='ocrx_word' id='word_1_116' title='bbox 1251 2335 1331 2408; x_wconf 73' lang='lat'>526..</span> 
     </span>
     <span class='ocr_line' id='line_1_17' title="bbox 253 2461 1329 2556; baseline -0.007 -24"><span class='ocrx_word' id='word_1_117' title='bbox 253 2463 347 2542; x_wconf 82' lang='lat'><strong>1636</strong></span> <span class='ocrx_word' id='word_1_118' title='bbox 362 2461 429 2548; x_wconf 73' lang='lat'>2⁶),</span> <span class='ocrx_word' id='word_1_119' title='bbox 456 2464 624 2556; x_wconf 86' lang='lat' dir='ltr'>similique</span> <span class='ocrx_word' id='word_1_120' title='bbox 650 2465 814 2554; x_wconf 83' lang='lat' dir='ltr'>pancratii</span> <span class='ocrx_word' id='word_1_121' title='bbox 843 2488 943 2532; x_wconf 86' lang='lat' dir='ltr'>scena</span> <span class='ocrx_word' id='word_1_122' title='bbox 969 2481 1103 2534; x_wconf 86' lang='lat' dir='ltr'>ornatae</span> <span class='ocrx_word' id='word_1_123' title='bbox 1135 2482 1214 2530; x_wconf 88' lang='lat' dir='ltr'>sunt</span> <span class='ocrx_word' id='word_1_124' title='bbox 1245 2461 1329 2526; x_wconf 84' lang='lat' dir='ltr'>duae</span> 
     </span>
     <span class='ocr_line' id='line_1_18' title="bbox 249 2585 1329 2679; baseline -0.004 -25"><span class='ocrx_word' id='word_1_125' title='bbox 249 2590 346 2654; x_wconf 87' lang='lat' dir='ltr'>huius</span> <span class='ocrx_word' id='word_1_126' title='bbox 363 2589 498 2678; x_wconf 84' lang='lat' dir='ltr'>generis</span> <span class='ocrx_word' id='word_1_127' title='bbox 514 2588 705 2679; x_wconf 82' lang='lat' dir='ltr'>amphorae,</span> <span class='ocrx_word' id='word_1_128' title='bbox 733 2611 875 2679; x_wconf 89' lang='lat' dir='ltr'>quarum</span> <span class='ocrx_word' id='word_1_129' title='bbox 889 2585 992 2657; x_wconf 84' lang='lat' dir='ltr'>altera</span> <span class='ocrx_word' id='word_1_130' title='bbox 1008 2586 1215 2660; x_wconf 83' lang='lat' dir='ltr'>collectionis</span> <span class='ocrx_word' id='word_1_131' title='bbox 1231 2586 1329 2651; x_wconf 88' lang='lat' dir='ltr'>Cam-</span> 
     </span>
     <span class='ocr_line' id='line_1_19' title="bbox 248 2709 1430 2804; baseline 0 -29"><span class='ocrx_word' id='word_1_132' title='bbox 248 2712 468 2803; x_wconf 82' lang='lat' dir='ltr'>panasianae,</span> <span class='ocrx_word' id='word_1_133' title='bbox 494 2709 597 2775; x_wconf 86' lang='lat' dir='ltr'>altera</span> <span class='ocrx_word' id='word_1_134' title='bbox 621 2709 855 2802; x_wconf 88' lang='lat' dir='ltr'>Depolettiana</span> <span class='ocrx_word' id='word_1_135' title='bbox 884 2712 1078 2804; x_wconf 87' lang='lat' dir='ltr'>nuperrime</span> <span class='ocrx_word' id='word_1_136' title='bbox 1107 2710 1229 2778; x_wconf 88' lang='lat' dir='ltr'>Museo</span> <span class='ocrx_word' id='word_1_137' title='bbox 1260 2733 1329 2800; x_wconf 66' lang='lat' dir='ltr'>reg,</span> <span class='ocrx_word' id='word_1_138' title='bbox 1429 2757 1430 2764; x_wconf 21' lang='grc' dir='ltr'><strong>κ</strong></span> 
     </span>
     <span class='ocr_line' id='line_1_20' title="bbox 246 2829 1328 2920; baseline -0.006 -18"><span class='ocrx_word' id='word_1_139' title='bbox 246 2832 462 2902; x_wconf 87' lang='lat' dir='ltr'>Berolinensi</span> <span class='ocrx_word' id='word_1_140' title='bbox 487 2832 533 2920; x_wconf 89' lang='lat' dir='ltr'>(u.</span> <span class='ocrx_word' id='word_1_141' title='bbox 561 2829 669 2916; x_wconf 75' lang='lat'>1584)</span> <span class='ocrx_word' id='word_1_142' title='bbox 684 2830 732 2918; x_wconf 83' lang='lat'>²7)</span> <span class='ocrx_word' id='word_1_143' title='bbox 756 2833 912 2901; x_wconf 86' lang='lat' dir='ltr'>adiuncta</span> <span class='ocrx_word' id='word_1_144' title='bbox 937 2851 994 2903; x_wconf 81' lang='lat' dir='ltr'>est</span> <span class='ocrx_word' id='word_1_145' title='bbox 1045 2834 1119 2901; x_wconf 89' lang='lat' dir='ltr'>Hoc</span> <span class='ocrx_word' id='word_1_146' title='bbox 1145 2849 1259 2904; x_wconf 83' lang='lat' dir='ltr'>autem</span> <span class='ocrx_word' id='word_1_147' title='bbox 1274 2857 1328 2898; x_wconf 86' lang='lat' dir='ltr'>vas</span> 
     </span>
     <span class='ocr_line' id='line_1_21' title="bbox 249 2955 1327 3049; baseline -0.003 -26"><span class='ocrx_word' id='word_1_148' title='bbox 249 2985 267 3023; x_wconf 90' lang='lat' dir='ltr'>a</span> <span class='ocrx_word' id='word_1_149' title='bbox 291 2957 431 3049; x_wconf 87' lang='lat' dir='ltr'>reliquis</span> <span class='ocrx_word' id='word_1_150' title='bbox 459 2981 497 3023; x_wconf 91' lang='lat' dir='ltr'>ea</span> <span class='ocrx_word' id='word_1_151' title='bbox 521 2983 559 3024; x_wconf 87' lang='lat' dir='ltr'>re</span> <span class='ocrx_word' id='word_1_152' title='bbox 582 2955 710 3038; x_wconf 83' lang='lat' dir='ltr'>differt,</span> <span class='ocrx_word' id='word_1_153' title='bbox 744 2957 838 3049; x_wconf 90' lang='lat' dir='ltr'>quod</span> <span class='ocrx_word' id='word_1_154' title='bbox 863 2975 930 3022; x_wconf 89' lang='lat' dir='ltr'>tres</span> <span class='ocrx_word' id='word_1_155' title='bbox 959 2958 1197 3048; x_wconf 80' lang='lat' dir='ltr'>pancratiastas</span> <span class='ocrx_word' id='word_1_156' title='bbox 1229 2956 1327 3022; x_wconf 87' lang='lat' dir='ltr'>nobis</span> 
     </span>
     <span class='ocr_line' id='line_1_22' title="bbox 248 3077 1326 3171; baseline -0.003 -25"><span class='ocrx_word' id='word_1_157' title='bbox 248 3079 410 3161; x_wconf 88' lang='lat' dir='ltr'>ostendit,</span> <span class='ocrx_word' id='word_1_158' title='bbox 437 3104 580 3171; x_wconf 74' lang='lat' dir='ltr'>quonam</span> <span class='ocrx_word' id='word_1_159' title='bbox 605 3105 690 3147; x_wconf 89' lang='lat' dir='ltr'>unus</span> <span class='ocrx_word' id='word_1_160' title='bbox 719 3079 762 3146; x_wconf 88' lang='lat' dir='ltr'>ad</span> <span class='ocrx_word' id='word_1_161' title='bbox 788 3081 921 3148; x_wconf 85' lang='lat' dir='ltr'>victoris</span> <span class='ocrx_word' id='word_1_162' title='bbox 946 3077 1052 3170; x_wconf 86' lang='lat' dir='ltr'>pedes</span> <span class='ocrx_word' id='word_1_163' title='bbox 1076 3081 1121 3148; x_wconf 88' lang='lat' dir='ltr'>ita</span> <span class='ocrx_word' id='word_1_164' title='bbox 1141 3096 1326 3171; x_wconf 86' lang='lat' dir='ltr'>prostratus</span> 
     </span>
     <span class='ocr_line' id='line_1_23' title="bbox 249 3201 1325 3295; baseline 0.002 -26"><span class='ocrx_word' id='word_1_165' title='bbox 249 3224 312 3284; x_wconf 89' lang='lat' dir='ltr'>est,</span> <span class='ocrx_word' id='word_1_166' title='bbox 335 3223 372 3272; x_wconf 89' lang='lat' dir='ltr'>ut</span> <span class='ocrx_word' id='word_1_167' title='bbox 396 3205 534 3271; x_wconf 89' lang='lat' dir='ltr'>victoria</span> <span class='ocrx_word' id='word_1_168' title='bbox 558 3227 627 3268; x_wconf 91' lang='lat' dir='ltr'>non</span> <span class='ocrx_word' id='word_1_169' title='bbox 655 3205 765 3270; x_wconf 87' lang='lat' dir='ltr'>minus</span> <span class='ocrx_word' id='word_1_170' title='bbox 799 3219 888 3268; x_wconf 87' lang='lat' dir='ltr'>certa</span> <span class='ocrx_word' id='word_1_171' title='bbox 921 3227 992 3268; x_wconf 88' lang='lat' dir='ltr'>esse</span> <span class='ocrx_word' id='word_1_172' title='bbox 1026 3201 1193 3283; x_wconf 86' lang='lat' dir='ltr'>videatur,</span> <span class='ocrx_word' id='word_1_173' title='bbox 1227 3227 1325 3295; x_wconf 82' lang='lat' dir='ltr'>quam</span> 
     </span>
     <span class='ocr_line' id='line_1_24' title="bbox 248 3301 1176 3420; baseline -0.001 -29"><span class='ocrx_word' id='word_1_174' title='bbox 248 3307 283 3400; x_wconf 83' lang='lat' dir='ltr'>in</span> <span class='ocrx_word' id='word_1_175' title='bbox 305 3327 545 3420; x_wconf 84' lang='lat' dir='ltr'>symplegmate</span> <span class='ocrx_word' id='word_1_176' title='bbox 570 3327 629 3398; x_wconf 88' lang='lat' dir='ltr'>illo</span> <span class='ocrx_word' id='word_1_177' title='bbox 655 3326 951 3417; x_wconf 83' lang='lat' dir='ltr'>pancratiastarum</span> <span class='ocrx_word' id='word_1_178' title='bbox 970 3301 1176 3392; x_wconf 69' lang='lat' dir='ltr'>Florentino.</span> 
     </span>
     <span class='ocr_line' id='line_1_25' title="bbox 345 3429 1324 3547; baseline -0.001 -29"><span class='ocrx_word' id='word_1_179' title='bbox 345 3429 538 3528; x_wconf 72' lang='lat' dir='ltr'>Hos&#39;ludus</span> <span class='ocrx_word' id='word_1_180' title='bbox 573 3465 800 3529; x_wconf 73' lang='lat' dir='ltr'>enumeratos,</span> <span class='ocrx_word' id='word_1_181' title='bbox 830 3451 890 3541; x_wconf 87' lang='lat' dir='ltr'>qui</span> <span class='ocrx_word' id='word_1_182' title='bbox 920 3451 956 3524; x_wconf 85' lang='lat' dir='ltr'>in</span> <span class='ocrx_word' id='word_1_183' title='bbox 984 3447 1152 3546; x_wconf 84' lang='lat' dir='ltr'>Olympiis</span> <span class='ocrx_word' id='word_1_184' title='bbox 1187 3447 1324 3547; x_wconf 86' lang='lat' dir='ltr'>quidem</span> 
     </span>
    </p>
   </div>
   <div class='ocr_carea' id='block_1_3' title="bbox 250 3645 528 3656">
    <p class='ocr_par' dir='ltr' id='par_1_3' title="bbox 250 3645 528 3656">
     <span class='ocr_line' id='line_1_26' title="bbox 250 3645 528 3656; baseline -0.011 0"><span class='ocrx_word' id='word_1_185' title='bbox 250 3645 528 3656; x_wconf 55' lang='grc' dir='ltr'>αισι-,-</span> 
     </span>
    </p>
   </div>
   <div class='ocr_carea' id='block_1_4' title="bbox 276 3750 1324 4260">
    <p class='ocr_par' dir='ltr' id='par_1_4' title="bbox 280 3750 1324 3995">
     <span class='ocr_line' id='line_1_27' title="bbox 280 3750 1324 3825; baseline -0.007 -17"><span class='ocrx_word' id='word_1_186' title='bbox 280 3757 325 3825; x_wconf 80' lang='lat'>25)</span> <span class='ocrx_word' id='word_1_187' title='bbox 342 3754 384 3805; x_wconf 80' lang='lat' dir='ltr'>ct.</span> <span class='ocrx_word' id='word_1_188' title='bbox 403 3752 617 3807; x_wconf 59' lang='lat' dir='ltr'>PauolkatMus.</span> <span class='ocrx_word' id='word_1_189' title='bbox 634 3751 771 3808; x_wconf 85' lang='lat' dir='ltr'>Barthold.</span> <span class='ocrx_word' id='word_1_190' title='bbox 788 3768 814 3820; x_wconf 92' lang='lat' dir='ltr'>p.</span> <span class='ocrx_word' id='word_1_191' title='bbox 824 3753 867 3805; x_wconf 85' lang='grc'>65.</span> <span class='ocrx_word' id='word_1_192' title='bbox 903 3750 964 3806; x_wconf 82' lang='lat' dir='ltr'>Non</span> <span class='ocrx_word' id='word_1_193' title='bbox 985 3750 1050 3800; x_wconf 84' lang='lat' dir='ltr'>satis</span> <span class='ocrx_word' id='word_1_194' title='bbox 1066 3757 1188 3804; x_wconf 82' lang='lat' dir='ltr'>accurate</span> <span class='ocrx_word' id='word_1_195' title='bbox 1206 3750 1324 3802; x_wconf 48' lang='lat' dir='ltr'>Gestar,</span> 
     </span>
     <span class='ocr_line' id='line_1_28' title="bbox 347 3835 1322 3909; baseline -0.005 -18"><span class='ocrx_word' id='word_1_196' title='bbox 347 3841 398 3891; x_wconf 88' lang='lat' dir='ltr'>dus</span> <span class='ocrx_word' id='word_1_197' title='bbox 415 3841 539 3909; x_wconf 83' lang='lat' dir='ltr'>(Berlin&#39;s</span> <span class='ocrx_word' id='word_1_198' title='bbox 560 3840 655 3891; x_wconf 71' lang='lat' dir='ltr'>autito</span> <span class='ocrx_word' id='word_1_199' title='bbox 678 3837 771 3892; x_wconf 76' lang='lat' dir='ltr'>Bildw.</span> <span class='ocrx_word' id='word_1_200' title='bbox 794 3855 821 3907; x_wconf 89' lang='lat' dir='ltr'>p.</span> <span class='ocrx_word' id='word_1_201' title='bbox 844 3837 909 3908; x_wconf 76' lang='lat'><strong>205)</strong></span> <span class='ocrx_word' id='word_1_202' title='bbox 927 3835 1043 3890; x_wconf 67' lang='lat' dir='ltr'>athletas</span> <span class='ocrx_word' id='word_1_203' title='bbox 1069 3836 1151 3886; x_wconf 87' lang='lat' dir='ltr'>huius</span> <span class='ocrx_word' id='word_1_204' title='bbox 1171 3837 1242 3888; x_wconf 81' lang='lat' dir='ltr'>vasis</span> <span class='ocrx_word' id='word_1_205' title='bbox 1261 3839 1322 3888; x_wconf 83' lang='lat' dir='ltr'>Bar-</span> 
     </span>
     <span class='ocr_line' id='line_1_29' title="bbox 341 3925 1216 3995; baseline -0.003 -16"><span class='ocrx_word' id='word_1_206' title='bbox 341 3927 479 3987; x_wconf 79' lang='lat' dir='ltr'>tholdiani</span> <span class='ocrx_word' id='word_1_207' title='bbox 497 3927 693 3995; x_wconf 84' lang='lat' dir='ltr'>pancratiastas</span> <span class='ocrx_word' id='word_1_208' title='bbox 712 3934 809 3985; x_wconf 82' lang='lat' dir='ltr'>vocat,</span> <span class='ocrx_word' id='word_1_209' title='bbox 830 3925 881 3976; x_wconf 87' lang='lat' dir='ltr'>etsi</span> <span class='ocrx_word' id='word_1_210' title='bbox 900 3925 965 3975; x_wconf 83' lang='lat' dir='ltr'>solis</span> <span class='ocrx_word' id='word_1_211' title='bbox 984 3925 1082 3992; x_wconf 81' lang='lat' dir='ltr'>pugnis</span> <span class='ocrx_word' id='word_1_212' title='bbox 1102 3932 1216 3976; x_wconf 79' lang='lat' dir='ltr'>certant</span> 
     </span>
    </p>

    <p class='ocr_par' dir='ltr' id='par_1_5' title="bbox 276 4010 1036 4083">
     <span class='ocr_line' id='line_1_30' title="bbox 276 4010 1036 4083; baseline 0 -19"><span class='ocrx_word' id='word_1_213' title='bbox 276 4017 323 4083; x_wconf 72' lang='grc' dir='ltr'>αθ)</span> <span class='ocrx_word' id='word_1_214' title='bbox 340 4013 420 4070; x_wconf 81' lang='lat' dir='ltr'>Edita</span> <span class='ocrx_word' id='word_1_215' title='bbox 440 4013 469 4064; x_wconf 90' lang='lat' dir='ltr'>in</span> <span class='ocrx_word' id='word_1_216' title='bbox 488 4014 563 4068; x_wconf 84' lang='lat' dir='ltr'>Mon.</span> <span class='ocrx_word' id='word_1_217' title='bbox 583 4013 648 4064; x_wconf 85' lang='lat' dir='ltr'>dell&#39;</span> <span class='ocrx_word' id='word_1_218' title='bbox 668 4014 731 4063; x_wconf 83' lang='lat' dir='ltr'>lust.</span> <span class='ocrx_word' id='word_1_219' title='bbox 752 4011 833 4074; x_wconf 80' lang='lat' dir='ltr'>xxu,</span> <span class='ocrx_word' id='word_1_220' title='bbox 852 4013 879 4064; x_wconf 83' lang='lat'>8.</span> <span class='ocrx_word' id='word_1_221' title='bbox 900 4011 928 4064; x_wconf 90' lang='lat' dir='ltr'>b.</span> <span class='ocrx_word' id='word_1_222' title='bbox 951 4030 988 4064; x_wconf 89' lang='grc' dir='ltr'>ιο.</span> <span class='ocrx_word' id='word_1_223' title='bbox 1009 4010 1036 4064; x_wconf 86' lang='lat' dir='ltr'>b.</span> 
     </span>
    </p>

    <p class='ocr_par' dir='ltr' id='par_1_6' title="bbox 276 4095 1322 4260">
     <span class='ocr_line' id='line_1_31' title="bbox 276 4095 1322 4174; baseline -0.01 -18"><span class='ocrx_word' id='word_1_224' title='bbox 276 4103 322 4174; x_wconf 82' lang='lat'>²7)</span> <span class='ocrx_word' id='word_1_225' title='bbox 341 4102 384 4156; x_wconf 85' lang='lat' dir='ltr'>ct.</span> <span class='ocrx_word' id='word_1_226' title='bbox 405 4100 541 4154; x_wconf 82' lang='lat' dir='ltr'>Gerhardi</span> <span class='ocrx_word' id='word_1_227' title='bbox 564 4099 781 4158; x_wconf 78' lang='lat' dir='ltr'>Neucrwotbeue</span> <span class='ocrx_word' id='word_1_228' title='bbox 807 4105 862 4158; x_wconf 80' lang='lat' dir='ltr'>ant.</span> <span class='ocrx_word' id='word_1_229' title='bbox 886 4096 1051 4158; x_wconf 75' lang='lat' dir='ltr'>Deultmaler</span> <span class='ocrx_word' id='word_1_230' title='bbox 1072 4095 1119 4153; x_wconf 75' lang='lat' dir='ltr'>des</span> <span class='ocrx_word' id='word_1_231' title='bbox 1137 4096 1169 4148; x_wconf 81' lang='lat' dir='ltr'>tt.</span> <span class='ocrx_word' id='word_1_232' title='bbox 1191 4097 1260 4156; x_wconf 79' lang='lat' dir='ltr'>Mas.</span> <span class='ocrx_word' id='word_1_233' title='bbox 1289 4114 1322 4150; x_wconf 82' lang='lat' dir='ltr'>zu</span> 
     </span>
     <span class='ocr_line' id='line_1_32' title="bbox 346 4191 528 4260; baseline -0.016 -19"><span class='ocrx_word' id='word_1_234' title='bbox 346 4191 446 4244; x_wconf 85' lang='lat' dir='ltr'>Berlin.</span> <span class='ocrx_word' id='word_1_235' title='bbox 465 4208 491 4260; x_wconf 89' lang='lat' dir='ltr'>p.</span> <span class='ocrx_word' id='word_1_236' title='bbox 504 4208 528 4259; x_wconf 87' lang='lat'>9.</span> 
     </span>
    </p>
   </div>
   <div class='ocr_carea' id='block_1_5' title="bbox 0 0 1458 4882">
    <p class='ocr_par' dir='ltr' id='par_1_7' title="bbox 0 0 1458 4882">
     <span class='ocr_line' id='line_1_33' title="bbox 0 0 1458 4882; baseline 0 3"><span class='ocrx_word' id='word_1_237' title='bbox 0 0 1458 4882; x_wconf 95' lang='lat' dir='ltr'> </span> 
     </span>
    </p>
   </div>
  </div>
 </body>
</html>
