2906 4882
528 439 578 459 -··
627 415 702 484 105
755 451 801 464 -

78 627 82 636 “
124 613 328 690 inveniatur,
355 610 412 702 qui
428 607 637 703 chlamydem
660 635 759 702 quam
778 610 850 675 sihi
874 607 1051 678 induturus
1070 627 1128 691 est,
1154 635 1211 676 ex-

121 735 240 829 plicat.
291 733 410 826 Neque
431 733 532 828 igitur
558 733 645 800 ullus
673 734 763 802 omni
789 707 906 800 vestitis
933 753 1035 824 caret.

229 860 429 950 Priusquam
448 881 527 924 vero
547 854 590 922 ad
616 855 877 924 describendum
900 855 984 924 latus
1010 859 1209 950 septentrio·

112 981 206 1056 ¹nale
235 1001 449 1062 transeamus,
474 982 682 1048 mentionem
696 977 859 1048 ‘faciamus
877 1005 1022 1047 necesse
1049 965 1100 1048 est
1128 979 1210 1048 dua-

37 1121 41 1126 '
123 1131 206 1173 rum
235 1105 437 1198 figurarum,
460 1128 558 1215 ¹quae
590 1101 710 1172 codem
737 1105 889 1197 corporis
923 1122 1009 1172 statu
1042 1106 1078 1172 in
1105 1099 1208 1173 latere

129 1225 335 1296 occidentali
359 1229 411 1294 bis
438 1229 698 1320 conspiciuntur.
747 1228 899 1321 Utraque
922 1230 1013 1296 enim
1038 1231 1208 1298 sinistrum

125 1351 255 1445 pedem
281 1350 324 1418 ad
351 1351 482 1418 calceos
502 1349 693 1450 induendos
716 1353 752 1417 in
769 1349 891 1445 vlapide
907 1352 1090 1423 collocavit.
1124 1357 1210 1422 Nam

127 1477 230 1543 etiam
261 1473 316 1540 alii
348 1474 498 1567 equitum
537 1475 573 1540 in
606 1476 670 1544 huc
703 1499 829 1570 pompa
866 1475 1002 1545 calceati
1032 1480 1207 1547 vehuntur.

127 1599 349 1692 Comparanti
376 1615 486 1665 autem
510 1597 570 1665 lias
595 1597 677 1666 dues
694 1598 815 1694 figuras
842 1625 919 1668 cum
938 1618 1049 1668 statua
1074 1601 1131 1668 illa
1145 1628 1208 1671 no-

126 1723 255 1790 tissima
271 1716 326 1806 Ι5),
353 1723 406 1790 cui
432 1721 531 1814 vulgo
557 1746 684 1791 nomen
709 1742 761 1790 cst
784 1725 905 1806 Iasoni,
930 1725 1140 1794 manifestum
1162 1727 1209 1808 fit,

126 1845 218 1913 hanc
243 1862 382 1914 statuam
405 1844 542 1912 minime
565 1847 720 1914 Iasonem
745 1873 817 1914 esse
844 1848 904 1941 qui
924 1873 991 1916 uno
1023 1849 1134 1918 calceo
1157 1852 1211 1916 in-

129 1965 230 2036 dutus
256 1968 382 2044 Peliam
409 1970 584 2050 convenit,
615 1968 675 2036 sed
701 1969 744 2036 ad
770 1970 943 2063 exemplar
969 1971 1103 2042 illarum
1127 1973 1211 2067 figu-

127 2115 244 2158 rarum
279 2117 362 2185 quas
398 2092 575 2184 Zoph'orus
603 2093 828 2160 ‘Parthenonis
853 2096 1029 2187 praebet,
1071 2099 1210 2164 effictam

50 2243 56 2252 ’
129 2239 212 2282 esse.
264 2213 464 2285 Huiusmodi
491 2217 580 2282 enim
606 2234 710 2284 statua
735 2241 805 2283 non
828 2217 934 2284 semel
960 2237 1108 2300 tantum,
1148 2221 1212 2288 sed
1316 2276 1325 2292 ,

129 2338 262 2432 saepius
287 2340 431 2431 repetita
456 2336 500 2405 ad
524 2357 672 2406 nostram
695 2341 815 2407 mansit
830 2343 1026 2409 memoriam
1040 2341 1094 2428 ¹⁶),
1119 2343 1211 2411 unde

128 2483 259 2528 summo
287 2463 360 2528 iure
387 2461 540 2529 dubitare
564 2463 661 2530 nobis
682 2461 771 2544 licet,
796 2489 879 2530 num
903 2464 1000 2534 Iason
1023 2484 1088 2532 tam
1112 2491 1210 2560 saepe

130 2585 173 2652 ab
199 2584 381 2652 artificibus
408 2586 475 2651 sive
500 2611 669 2653 marmore
696 2587 764 2655 sive
788 2613 866 2656 acre
891 2590 1015 2660 effictus
1034 2593 1085 2670 sit,
1112 2617 1210 2689 prpe,-

131 2710 247 2776 sertim
272 2734 377 2802 quum
403 2725 493 2775 certa
517 2710 669 2803 insignia,
696 2736 737 2779 ex
762 2714 884 2806 quibus
911 2713 955 2782 de
981 2716 1101 2784 Iasone
1130 2743 1211 2784 con-

129 2833 282 2920 iiciatur,
315 2830 416 2924 plane
451 2830 571 2898 desint.
630 2819 747 2902 Culter
780 2839 871 2902 enim
904 2840 1003 2904 aratri
1033 2867 1051 2906 a
1081 2843 1210 2909 recenti

131 2954 244 3048 aliquo
270 2954 396 3034 artifice
423 2971 456 3020 et
476 2956 653 3022 Parisiensi
679 2975 712 3024 et
737 2959 934 3054 Monacensi
964 2979 1087 3028 statuae
1113 2964 1209 3030 addi-

129 3097 182 3145 tus
208 3097 268 3160 est,
295 3079 341 3146 ita
368 3095 404 3146 ut
435 3079 497 3145 hec
525 3104 565 3146 ex
597 3106 636 3146 re
660 3080 745 3147 nihil
780 3083 966 3177 quidquam
992 3086 1104 3181 colligi
1129 3115 1208 3183 pos

120 3199 249 3287 isit17).
301 3204 420 3297 Neque
456 3227 535 3270 vcro
564 3222 692 3287 eertum
720 3224 786 3288 est,
816 3207 907 3276 huuc
943 3210 1114 3283 hominem
1148 3215 1207 3306 qui
1282 3211 1288 3216 ⁵

126 3385 376 3404 m

169 3488 486 3557 samosathaenus
507 3509 534 3544 n.
555 3511 615 3562 7¹⁰·

168 3585 211 3654 ae)
229 3584 326 3636 Similis
345 3587 416 3638 enim
442 3594 529 3654 statua
561 3607 652 3640 marm.
671 3597 758 3644 exstat
782 3592 811 3664 in
838 3593 980 3664 Glyptoth.
1005 3595 1160 3648 Monacensi
1181 3613 1207 3655 u.

235 3673 312 3733 150„
341 3674 419 3725 tertia
435 3675 464 3726 in
484 3675 554 3728 Mus.
573 3677 719 3729 Pio-Clam.
740 3681 785 3729 ΙΙΙ.
806 3681 859 3748 48,
882 3690 977 3754 quartu
999 3681 1117 3752 denique
1136 3699 1207 3752 quae

233 3766 338 3830 reperta
356 3769 397 3813 est
413 3777 483 3812 anno
507 3766 573 3832 1718
593 3765 705 3833 (Clarae.
723 3767 816 3818 Descr.
837 3765 884 3818 des
903 3769 1032 3839 Antiquos
1051 3769 1086 3822 du
1103 3772 1206 3824 Louvre

228 3861 256 3912 p.
276 3846 339 3914 258)
361 3847 389 3899 iu
410 3848 571 3902 collectione
592 3851 779 3907 Lundsdowni.

169 3939 210 4008 17)
229 3936 322 3991 Clarae
341 3942 370 4010 (l.
392 3942 422 4010 l.)
441 3943 521 3996 huius
540 3951 644 3997 statuae
664 3948 837 4016 explicationi
862 3965 887 4000 a*
899 3948 1123 4003 Wiuclelmanno
1142 3970 1207 4022 pro-

232 4027 338 4095 positae
356 4028 483 4082 accedere
500 4030 623 4095 videtur,
651 4029 700 4084 'sed
724 4033 758 4085 ad
779 4033 848 4087 hanc
866 4040 1025 4089 sententiam
1045 4038 1206 4090 confirman-

230 4109 290 4162 dam
310 4129 343 4164 er
362 4115 449 4166 cultro
468 4116 516 4168 illo
536 4119 614 4170 aratri
634 4131 818 4187 argumentum
839 4125 919 4193 petit,
946 4124 987 4174 his
1005 4125 1092 4175 verbis
1113 4113 1205 4177 utens:

230 4197 309 4284 Iusoq
326 4199 399 4253 vient
418 4200 451 4253 de
470 4204 570 4274 quitter
598 4206 623 4258 le
648 4207 743 4259 travail
770 4207 817 4261 dee
841 4209 950 4282 chemps
980 4211 1090 4283 indique
1111 4230 1160 4284 par
1178 4214 1204 4282 le

1244 763 1259 794 ·l
