2906 4882
663 439 907 513 ..34-

244 647 299 739 pia
323 645 470 737 primum
495 641 650 710 inductus
678 659 728 708 est
754 640 809 710 Ol.
834 641 923 708 XIV.
945 639 1007 725 Ι5),
1030 638 1120 706 unde
1149 663 1226 704 curn
1250 663 1321 705 non

246 788 320 835 ante
346 769 411 835 hoo
438 784 567 859 tempus
594 765 636 831 ad
651 766 879 831 Panathenaea
904 767 1033 830 venisse
1046 765 1117 830 ueri
1139 761 1247 828 simile
1261 779 1322 828 est

343 889 412 958 Sed
437 913 506 956 non
532 889 640 956 solum
655 890 739 964 haee
760 889 823 952 tria
847 887 1005 954 curriculi
1031 911 1153 980 genera
1177 888 1214 952 in
1235 887 1323 952 vasis

244 1015 496 1099 Panathenaicis
522 1012 656 1106 depicta
673 1014 868 1092 invenimus,
893 1013 1134 1078 verumetiam
1160 1008 1324 1089 secunda,

244 1157 281 1205 ut
302 1141 345 1205 ita
369 1137 496 1218 dicam,
523 1136 619 1202 stadii
645 1161 760 1216 scena,
789 1160 856 1228 qna
882 1134 949 1201 duo
975 1133 1043 1215 illi,
1079 1135 1137 1227 qni
1170 1136 1326 1226 primum

245 1280 365 1328 metam
390 1263 616 1354 contigerunt,
643 1257 753 1326 denuo
781 1276 1048 1352 cur1·unt‚‹qnae
1071 1283 1125 1324 res
1151 1259 1324 1350 conspici·

245 1404 299 1451 tur
324 1386 360 1450 in
386 1385 514 1451 duabus
540 1375 709 1476 amphoris
732 1383 979 1449 Panathenaicis
1004 1380 1206 1460 minoribus,
1238 1405 1323 1474 qna-

244 1534 320 1576 rum
346 1506 449 1574 altera
473 1506 753 1584 Candelorianae,
789 1504 892 1571 altera
917 1504 1096 1572 Feolianae
1132 1521 1182 1570 est
1216 1502 1324 1571 colie-

246 1634 388 1709 ctionis,
414 1657 499 1727 quae
525 1634 591 1697 iam
616 1629 787 1696 Monaohii
813 1647 925 1696 exstat
981 1623 1140 1720 Δόλιχος
1172 1626 1324 1722 denique

173 1817 175 1822 .
245 1749 388 1837 ἵππιος,
424 1757 517 1821 cuias
547 1752 785 1844 inscriptiones
816 1751 1080 1820 Panathenaicae
1115 1752 1326 1817 mentionem

247 1881 389 1958 saciant,
414 1877 557 1944 invasis
582 1877 688 1942 nostri
719 1877 849 1969 generis
885 1877 1019 1968 agnosci
1047 1876 1182 1969 nequit,
1218 1900 1326 1968 quum

247 2027 291 2070 ne
314 2025 468 2068 mansura
492 1998 630 2096 quidem
655 1999 753 2066 huius
779 1999 937 2066 curriculi
960 2015 1038 2066 nota
1063 2001 1113 2066 sit

346 2129 461 2220 Itaque
502 2123 595 2219 quod
621 2123 816 2211 ¹Ambrosch
851 2124 886 2188 in
920 2125 1201 2190 commentatione
1226 2121 1328 2191 allata

248 2250 347 2318 docte
374 2249 541 2342 exposuit,
574 2247 721 2314 breviter
746 2246 804 2312 hie
834 2244 1061 2338 repetendum
1090 2271 1161 2314 esse
1190 2271 1326 2314 censeo.

248 2374 402 2440 Vidimus
438 2374 528 2440 enim
553 2370 797 2440 stadiodromos
830 2370 884 2437 vel
920 2369 987 2438 duo
1022 2368 1076 2439 vel
1115 2390 1273 2466 quattuor
1306 2399 1328 2438 a

248 2498 340 2594 laeva
365 2495 410 2562 ad
438 2495 590 2562 dextram
612 2495 705 2573 serri,
733 2493 981 2562 diaulodromos
999 2493 1051 2564 vel
1067 2511 1133 2562 tres
1154 2495 1209 2564 vel
1229 2497 1332 2588 quin-

252 2646 317 2712 quc
346 2617 467 2686 eodem
491 2619 595 2697 verti,
622 2616 683 2684 sed
706 2616 992 2698 dolichodromos,
1018 2620 1076 2712 qui
1092 2643 1197 2712 quum
1211 2645 1332 2686 eorum

252 2765 410 2808 uumerus
438 2766 477 2809 ex
502 2741 585 2808 vasis
619 2759 770 2808 accurate
805 2740 939 2808 definiri
972 2759 1135 2834 nequeat,
1170 2759 1331 2834 quattuor

253 2867 353 2934 fuisse
378 2863 550 2944 videntur,
583 2890 601 2929 a
632 2863 750 2930 dextra
782 2864 825 2934 ad
858 2865 983 2934 laevam
1016 2865 1115 2946 serri,
1150 2883 1251 2958 atque
1284 2868 1333 2931 ita

254 2988 410 3081 quidem,
436 3009 601 3081 utquam
626 3013 778 3056 cursores
804 2988 992 3054 columnam
1017 2988 1060 3054 ad
1083 2987 1211 3055 laevam
1236 2989 1331 3080 pos'i-

254 3131 321 3178 tam
334 3129 503 3204 superent,
529 3113 726 3192 nesciamus,
753 3110 887 3204 quando
907 3111 1067 3178 currendi
1085 3111 1187 3178 finem
1209 3111 1331 3178 facturi

255 3238 328 3302 sint.
393 3247 398 3256 '

354 3359 397 3425 Et
431 3383 470 3423 ex
503 3359 723 3450 inscriptione
756 3355 1016 3449 Peysonneliana
1051 3381 1150 3448 supra
1184 3357 1327 3436 laudata,

256 3501 288 3549 et
313 3507 354 3548 ex
375 3481 440 3548 illis
465 3481 614 3561 duabus,
641 3493 721 3573 quas
747 3481 939 3573 nuperrime
962 3481 1094 3548 Rossius
1109 3481 1249 3549 Athenis
1276 3483 1328 3545 iu-

252 3600 423 3690 venit'ffi),
450 3604 598 3671 videmus
621 3605 827 3696 pentathlon
850 3601 1034 3669 secundum
1060 3603 1217 3670 ludorum
1242 3609 1328 3670 Pan-

254 3729 501 3796 athenaicorum
526 3728 645 3808 fuisse,
677 3729 721 3792 ita
757 3745 880 3807 tamen,
915 3744 951 3792 ut
977 3728 1211 3819 antiquissimis
1242 3746 1328 3793 tern-

293 4049 322 4100 15
356 4048 429 4098 Paua.
449 4047 482 4100 V.
503 4049 526 4098 8.
546 4049 571 4098 3.

291 4051 334 4202 16))
352 4135 471 4203 Uterque
499 4133 595 4184 titulus
620 4130 666 4200 qui
692 4125 808 4183 victores
832 4127 1042 4186 Panathenaicus
1071 4131 1210 4194 continet,
1238 4128 1326 4182 editus

358 4223 443 4274 estin
462 4220 592 4273 Archaeol
622 4218 818 4287 Intelligenzbl.
843 4221 914 4298 1835.
937 4237 961 4270 a.
984 4224 1023 4272 32.
1042 4219 1084 4272 3³.
