2906 4882
654 403 897 470 ..90-.

238 594 377 688 quidem
402 617 471 660 non
497 592 646 686 flagello,
672 593 733 662 sed
758 598 848 690 virga
871 619 976 688 equos
995 595 1147 664 caedunt
1199 597 1319 664 Nesci-

237 744 310 784 mus
334 735 443 785 autem
460 717 745 798 utrum-stadium,
759 743 801 789 an
815 718 964 786 diaulum
981 743 1070 812 equo
1084 716 1319 802 vehantur30).
1345 774 1348 785 .

239 843 309 910 lam
336 866 414 908 vero
440 867 516 908 vasa
539 842 800 922 Panathenaica,
828 843 1008 908 certamine
1042 843 1149 910 curuli
1183 841 1323 936 depicta

240 989 307 1032 uno
340 983 466 1032 tantum
500 989 619 1062 curru,
654 966 722 1031 sive
755 965 862 1058 bigis,
893 937 968 1032 ⁵sive
1002 965 1174 1058 quadrigis
1206 983 1324 1034 ornata

242 1106 339 1168 sunt,
365 1113 470 1181 quum
503 1086 615 1154 tabula
641 1086 726 1154 duos
757 1113 873 1155 currus
908 1113 1029 1183 capere
1060 1111 1131 1156 non
1160 1087 1323 1156 rideatur.

241 1213 353 1304 Atque
377 1211 472 1304 bigas
499 1209 657 1303 quidem,
683 1235 769 1303 quae
795 1212 836 1277 ab
870 1213 982 1304 auriga
1007 1213 1206 1294 flectuntur,
1242 1237 1324 1279 eon-

202 1347 205 1354 '
243 1337 402 1426 spicimus
428 1337 463 1404 in
489 1333 635 1415 duabus,
659 1361 801 1427 quarum
823 1333 926 1402 altera
952 1334 1159 1404 collectionis
1187 1335 1325 1402 Cande-

243 1457 391 1550 lorianae
416 1483 448 1523 n.
472 1453 573 1538 584„
599 1457 702 1524 altera
723 1459 833 1526 Musei
848 1459 959 1524 Princ.
987 1459 1068 1525 Can.
1095 1483 1127 1523 n.
1142 1454 1242 1526 ‘2600
1265 1476 1326 1538 est,

246 1580 424 1676 quadrigas
450 1599 560 1648 autem
585 1583 622 1648 in
647 1582 797 1674 quinque
823 1581 1009 1674 amphoris,
1035 1605 1177 1674 quarum
1190 1580 1328 1648 Cande-

248 1703 376 1770 loriana
399 1723 478 1772 nota
511 1723 561 1770 est
586 1730 604 1769 e
629 1705 723 1770 Mon.
750 1702 827 1769 dell’
854 1705 933 1770 lust.
958 1703 1073 1784 XXII,
1099 1707 1140 1783 2,
1172 1704 1224 1788 b.;
1260 1723 1329 1771 tres

249 1845 377 1896 exstant
402 1831 437 1894 in
462 1828 549 1892 Mus.
574 1828 685 1892 Princ.
711 1826 793 1893 Can.
818 1852 851 1892 ιι.
881 1831 936 1905 11,
960 1829 1042 1908 712,
1072 1827 1182 1912 1939,
1211 1830 1330 1920 quinta

251 1949 399 2042 denique
425 1953 459 2016 in
486 1949 684 2017 collectione
708 1951 978 2042 Campanariana.

349 2075 378 2140 E
403 2074 498 2142 titulo
526 2074 625 2165 igitur
649 2072 914 2166 Peysouneliano
941 2074 1001 2167 qui
1026 2075 1147 2140 seriem
1170 2071 1334 2139 ludorum

250 2215 443 2264 nostrorum
465 2196 655 2288 pleniorem
679 2197 779 2263 nobis
804 2198 955 2289 praebet,
980 2221 1082 2289 quam
1109 2212 1144 2262 et
1167 2194 1218 2260 illi
1244 2218 1333 2288 quos

250 2319 437 2386 Bneckhius
465 2321 631 2386 Boeoticis
653 2317 892 2401 adnumeravit,
919 2337 952 2386 et
976 2320 1000 2385 ii
1026 2343 1110 2412 quos
1132 2321 1334 2411 nuperrime

248 2445 385 2510 Roscius
410 2443 550 2510 Athenis
575 2444 720 2522 invenit,
746 2441 846 2509 ludos
872 2459 1042 2534 equestres
1066 2441 1267 2534 curulesque
1285 2443 1333 2506 ita

253 2563 508 2655 depromemus,
542 2582 579 2629 ut
607 2564 702 2630 brevi
733 2566 771 2632 in
809 2583 992 2656 conspectu
1023 2583 1202 2657 ponantur.
1266 2566 1333 2646 Qui

255 2686 369 2753 titulus
394 2713 498 2779 quum
523 2690 559 2752 in
583 2661 733 2754 medium
758 2686 927 2754 saeculum
949 2687 1134 2756 secundum
1159 2704 1236 2752 aute
1251 2687 1333 2753 Chr.

255 2836 288 2877 n.
313 2809 456 2891 ineidat,
479 2835 543 2903 pro
567 2829 659 2878 certo
685 2811 839 2910 affirmari
858 2835 928 2878 non
949 2830 1073 2910 potest,
1098 2813 1198 2877 etiam
1210 2810 1246 2874 in
1259 2811 1335 2902 ipso

255 2934 464 3002 Athenarum
487 2935 571 3002 flore
598 2932 735 3002 eosdem
758 2934 890 3004 habitos
916 2960 988 3002 esse
1013 2933 1127 3016 ludos,
1152 2935 1255 3001 immo
1273 2957 1338 3026 po-

255 3059 452 3127 sterioribus
487 3057 623 3126 demum
655 3058 864 3152 temporibus
900 3081 956 3124 eos
983 3057 1131 3150 prolatos
1157 3055 1339 3124 adauctos-

258 3205 324 3274 que
352 3207 442 3263 esse,
461 3183 538 3250 ¹veri
562 3180 770 3250 simillimum
796 3199 853 3247 est

656 3375 682 3439 Ι.
735 3375 782 3441 In
807 3372 930 3439 stadio.

151 3593 154 3600 ι
252 3582 256 3610 ³
309 3546 350 3615 A.
404 3548 551 3642 Populus
573 3548 794 3616 Atheniensis·

457 3670 494 3755 a)
520 3673 644 3763 Aru-iga
666 3670 864 3740 ascendens.

461 3793 495 3878 b)
519 3794 688 3866 Desultor.

265 3982 518 4004 Ἥ

301 4102 347 4174 30)
369 4097 499 4150 Dolichos
518 4098 591 4150 enim
607 4100 678 4153 iuter
692 4093 941 4150 Panathenaeorum
956 4093 1034 4147 ludos
1052 4099 1190 4163 equestres
1208 4106 1344 4160 nusquam

262 4235 268 4240 .
367 4193 597 4238 commemoratur.
