2920 4868
685 407 905 474 ..8-

247 595 366 690 Neque
381 597 459 663 'alla
485 621 565 692 gens
589 599 731 666 inveniri
755 618 875 692 potest
901 625 985 693 quae
1019 600 1071 668 vel
1096 603 1130 668 in
1157 599 1335 698 disciplina

246 718 356 812 aliqua
381 719 434 786 vel
458 722 494 785 in
519 722 603 788 vitae
618 724 767 815 privatae
794 741 879 790 statu
901 721 1043 790 multum
1061 725 1243 818 profecerit
1261 727 1333 792 sine

245 865 359 906 rerum
398 841 584 909 divinarum
625 846 837 937 cognitione,
883 847 948 911 nisi
986 845 1072 943 sorte
1113 871 1235 940 negare
1272 833 1331 926 vis,

245 962 392 1031 Graecos
407 967 561 1034 .Homeri
601 985 753 1060 tempore
791 970 857 1034 iam
895 967 938 1034 ad
981 968 1084 1036 altum
1120 967 1331 1040 humanitatis

244 1087 384 1180 gradum
409 1093 611 1182 pervenisse.

344 1211 491 1278 Graecos
505 1229 615 1276 autem
635 1236 717 1304 prae
742 1211 813 1280 aliis
833 1210 968 1306 populis
982 1235 1204 1305 quaeeunque
1220 1231 1331 1280 mente

239 1335 411 1426 agitabant
436 1336 579 1428 imagine
606 1321 826 1428 expressisse,
853 1355 919 1403 tam
936 1362 955 1402 e
973 1337 1167 1405 testimoniis
1191 1338 1333 1430 scripto·

241 1483 317 1524 rum
344 1483 443 1550 quam
484 1483 525 1523 ex
550 1459 631 1550 ipsis
656 1462 879 1527 monumentis
916 1460 1147 1554 superstitibus
1181 1477 1330 1553 apparet,

242 1605 346 1674 quum
376 1604 445 1647 non
482 1580 506 1646 ii
540 1598 668 1647 tantum
699 1582 821 1674 quibus
859 1599 976 1650 natura
1008 1580 1139 1648 favebat
1172 1582 1329 1650 scientiae

242 1704 320 1769 artis
346 1703 526 1795 participes
552 1721 681 1783 essent,
711 1701 772 1770 sed
810 1721 928 1770 cuncta
960 1727 1040 1796 gens
1064 1702 1252 1772 doctrinam
1278 1731 1330 1774 sa·

243 1847 335 1891 eram
359 1815 582 1894 monumentis
608 1851 802 1919 expressam
826 1828 959 1920 penitus
984 1830 1202 1922 perspiceret.
1264 1830 1329 1897 Ita-

242 1972 309 2040 que
331 1972 395 2016 nec
419 1948 619 2016 Bernhardii
640 1947 670 2032 ¹²)
710 1949 751 2017 V.
784 1948 835 2018 Cl.
872 1953 1068 2018 sententiam
1106 1954 1330 2046 comprobare

238 2095 389 2162 possum,
415 2056 474 2163 qui
499 2072 622 2163 scripta
641 2088 769 2140 tantum
785 2089 1009 2154 monumenta,
1034 2096 1104 2140 non
1124 2074 1202 2140 artis
1225 2097 1329 2166 opera

240 2216 355 2260 veros.
378 2191 601 2286 mythologice
638 2191 746 2262 fontes
780 2195 935 2264 habenda
966 2218 1038 2262 esse
1074 2194 1174 2276 dicit,
1215 2219 1326 2285 neque

238 2316 349 2383 Vossii
362 2366 372 2396 ,
399 2317 464 2408 qui
487 2315 530 2382 ad
555 2313 683 2382 fabulas
709 2315 923 2408 explicandas
948 2317 1053 2384 libros
1077 2320 1218 2384 maxime
1246 2341 1330 2386 oon-

233 2435 398 2504 ·sulondos
426 2462 497 2503 esse
525 2454 658 2516 censet,
688 2436 732 2502 ita
757 2455 794 2504 ut
818 2459 1107 2510 monumentorum
1134 2440 1212 2506 artis
1239 2441 1331 2506 testi·

237 2560 351 2625 monia
377 2555 461 2622 nihil
497 2557 562 2623 nisi
595 2555 820 2626 additamenta
853 2583 1095 2652 supervacanea
1120 2563 1194 2628 sint.
1259 2559 1329 2628 Sed

245 2704 311 2750 uon
338 2677 446 2746 solum
478 2677 606 2745 fabulas
632 2676 773 2746 deorum
805 2681 892 2771 ipsas
920 2706 1073 2775 magnam
1101 2701 1233 2777 partem
1259 2701 1329 2750 arte

243 2825 414 2894 expressas
447 2825 519 2866 esse
554 2825 594 2866 ex
619 2801 689 2868 eius
726 2804 948 2872 monumentis
982 2802 1123 2894 intelligi
1147 2803 1248 2885 licet,
1287 2809 1331 2873 ita

240 2943 277 2991 ut
301 2925 420 2990 merito
447 2923 678 3004 coniiciamus,
717 2948 760 2991 ne
786 2949 887 2990 unam
912 2923 1049 3016 quidem
1075 2924 1116 2986 ab
1143 2924 1327 2994 artificibus

222 3048 508 3140 ‚praetermissam
535 3071 623 3126 esse,
656 3071 772 3112 verum
797 3047 896 3112 etiam
920 3063 968 3111 tot
994 3066 1096 3134 opera
1118 3041 1171 3109 vel
1196 3044 1240 3112 ad
1266 3072 1330 3115 no-

239 3188 340 3236 stram
371 3169 565 3234 memoriam
595 3184 845 3261 pervenerunt,
887 3165 940 3232 vol
965 3191 984 3229 a
1010 3165 1229 3257 scriptoribus
1256 3188 1328 3235 tan-

240 3309 310 3356 tum
334 3305 658 3366 commemorantur,
685 3285 866 3378 inquibus
892 3289 973 3376 ritus
1000 3285 1118 3379 aliquis
1144 3288 1197 3355 vel
1224 3292 1330 3358 caeri-

232 3414 352 3478 monia
392 3411 436 3478 ob
464 3408 578 3476 oculos
613 3410 721 3502 posita
760 3427 846 3490 erat,
885 3428 922 3478 ut
950 3408 1035 3479 nihil
1051 3410 1212 3503 ‚ineptius
1253 3438 1327 3480 esse

212 3536 363 3627 possit,
404 3557 503 3625 quam
531 3533 559 3599 si
585 3533 659 3624 quis
688 3531 771 3599 haec
798 3551 1010 3598 monumenta
1036 3557 1104 3600 non
1139 3536 1325 3625 respiciens

238 3660 452 3750 antiquitates
475 3681 583 3723 sacras
607 3654 774 3749 explicaro
801 3655 888 3723 volit.
957 3656 1042 3724 Nam
1067 3659 1151 3723 sicut
1176 3657 1226 3738 is,
1266 3663 1325 3752 qui

239 3779 438 3849 ludaeorum
461 3781 634 3849 historiam
658 3799 691 3855 ct
716 3781 925 3874 antiquitates
945 3779 1136 3847 describere
1162 3780 1225 3846 sibi
1243 3805 1327 3872 pro-

238 3903 366 3995 posuit,
408 3927 523 3978 corum
556 3903 622 3972 vim
660 3903 889 3999 rationemque
908 3979 911 3986 ¹
928 3901 1072 3974 divinam
1105 3918 1179 3968 ante
1215 3903 1327 3972 omnis

236 4067 525 4083 --—-—-·-·—--·

292 4164 320 4237 a)
338 4163 485 4240 Eneyklop.
506 4168 531 4224 d.
549 4168 647 4224 Philol.
670 4187 694 4242 p.
711 4169 771 4238 ³²5·
