2920 4868
655 451 899 521 -33..

234 650 370 714 thenaea
417 673 434 712 a
468 645 694 714 Demosthene
737 668 1017 728 commemorata,
1065 641 1193 715 minoia
1234 665 1323 726 sunt,

234 797 337 862 quum
361 773 484 836 maiora
519 771 680 862 cuiusque
707 770 919 864 Olympiadis
945 795 1032 838 anno
1060 770 1157 837 tertio
1182 794 1325 860 ageren-

232 914 294 960 tur.
346 895 457 986 Atque
488 919 593 988 quum
628 895 694 960 huc
728 893 887 976 accedat,
923 895 1017 988 qnod
1053 897 1088 960 in
1119 894 1322 972 Minoribus,

231 1036 372 1109 excepto
399 1016 523 1110 peplo,
551 1017 689 1084 eaedem
714 1019 784 1084 scre
804 1043 859 1085 res
881 1019 1023 1098 fiebant,
1048 1021 1191 1110 quaein
1215 1017 1325 1082 Maio-

230 1143 341 1221 ribus,
366 1141 491 1207 Petitus
516 1144 650 1207 Minora
674 1143 964 1208 Hecatombaeone
996 1160 1132 1234 peracta
1156 1165 1229 1206 csse
1251 1138 1323 1204 col-

229 1267 320 1358 ligit,
346 1293 457 1358 neque
483 1291 561 1332 vero
587 1269 771 1334 accuratius
797 1267 915 1334 definit
940 1267 1032 1336 diem
1057 1266 1190 1345 mensis,
1217 1289 1320 1356 quem

158 1359 164 1372 ὓ
231 1389 392 1456 Gorsinus
415 1389 550 1455 demum
576 1391 699 1460 adiecit
719 1387 773 1476 ¹4).
825 1395 926 1459 Recte
949 1396 1101 1460 enimes
1121 1391 1322 1456 Demosthe-

229 1515 282 1579 nis
307 1512 383 1580 loco
415 1515 535 1582 scstnm
560 1534 712 1583 nostrum
737 1537 813 1584 ante
837 1519 998 1583 XXmum
1020 1517 1320 1582 Hecatombaeonis

231 1636 321 1702 ‹liem
347 1637 499 1704 incidere
525 1640 723 1727 concludit3
765 1667 842 1708 nam
873 1667 978 1734 quum
1000 1639 1166 1731 Ulpianus
1187 1639 1320 1720 referat,

229 1753 352 1852 κυρίας
382 1755 573 1838 ἐκκλησίας
598 1765 706 1830 tribus
734 1782 859 1830 tantum
885 1766 1008 1831 mensis
1040 1761 1159 1828 dicbus
1192 1763 1321 1828 habitas

230 1909 320 1968 esse3
356 1883 512 1952 videlicet
544 1885 650 1952 leo
667 1936 677 1968 ‚
710 1887 831 1953 XXmo
869 1906 903 1954 et
926 1887 1099 1966 XXXmo,
1135 1910 1220 1978 opus
1246 1910 1318 1951 esse

231 2009 460 2078 Panathenaea
494 2023 577 2074 ante·
595 2007 755 2076 XXmum
785 2012 1085 2079 Hecatombaeouis
1118 2007 1209 2074 diem
1241 2033 1322 2101 per-

231 2150 301 2198 acta
328 2134 402 2198 sint
463 2128 562 2214 Quod
590 2134 624 2197 ni
649 2133 694 2198 ita
717 2154 820 2214 esset,
858 2135 1101 2201 Demosthenes
1134 2151 1226 2198 certo
1259 2132 1321 2198 ob-

230 2255 376 2337 iecisset,
418 2256 603 2321 Timocrati
636 2281 783 2322 caussam
809 2281 878 2323 non
902 2257 1004 2325 fuisse
1035 2256 1080 2323 ad
1104 2253 1322 2322 indicandam

232 2380 429 2444 concionem
454 2381 490 2445 in
515 2382 673 2447 XIImum
698 2384 821 2447 mensis
848 2381 948 2463 diem,
975 2384 1103 2475 quippe
1126 2408 1231 2474 quum
1246 2383 1340 2474 ipsc.

233 2504 390 2570 vicesimo
417 2506 438 2567 i.
461 2530 489 2569 e.
516 2504 664 2598 legitimo
688 2504 744 2570 die
768 2505 835 2572 hoc
856 2505 966 2572 facere
992 2507 1165 2599 potuisset.
1216 2505 1255 2570 In
1280 2528 1319 2570 eo

231 2643 340 2690 antem
366 2625 547 2693 Corsinum
577 2653 689 2695 errare
717 2630 923 2713 videbimus,
967 2629 1060 2724 quod
1091 2632 1319 2696 Panathenaea

230 2753 361 2817 minora
386 2753 422 2816 in
445 2750 614 2819 decimum
633 2774 788 2846 quartum
814 2755 904 2823 diem
928 2754 1080 2822 incidere
1106 2752 1198 2833 dicit,
1216 2778 1319 2845 quum

232 2899 272 2940 ex
299 2873 468 2942 Plutarchi
502 2902 605 2971 quem
626 2876 737 2961 affert,
769 2878 844 2947 loco
869 2881 1007 2946 minime
1032 2895 1209 2969 sequatur,
1244 2876 1319 2940 Me-

233 3000 339 3064 toecia
365 3019 436 3066 acta
461 3027 532 3068 esse
557 3020 635 3096 post
655 3003 894 3069 Panathenaea.
945 3000 1040 3066 Ordo
1064 3001 1153 3066 enim
1176 3023 1243 3092 quo
1264 3000 1318 3064 hic

231 3119 274 3186 tle
299 3141 441 3217 utroque
468 3126 551 3193 sesto
576 3144 707 3207 narrat,
744 3151 814 3193 non
843 3126 954 3218 magni
987 3121 1207 3189 aestimandus
1242 3147 1314 3188 csse

232 3244 372 3314 videtur.
422 3248 579 3342 Denique
606 3248 794 3318 Clintonius
817 3245 860 3331 Ι5)
888 3247 930 3313 de
947 3246 1185 3312 Panathenaeis
1207 3247 1316 3311 mino·

232 3372 325 3437 ribus
351 3373 396 3437 ita
422 3370 596 3455 disseruit,
622 3389 659 3438 ut
683 3373 857 3462 pristinam
882 3371 1021 3437 Meursii
1044 3371 1240 3436 sententiam
1263 3394 1319 3435 re-

233 3494 369 3561 stituere
398 3494 557 3564 studeret.
620 3495 691 3561 Etsi
736 3495 825 3560 enim
855 3495 1028 3561 Platonem
1063 3492 1108 3560 dc
1137 3491 1318 3558 Bendideis

236 3614 331 3708 loqui
357 3619 530 3705 concedit,
562 3618 675 3688 Procli
698 3639 807 3687 nmen
832 3620 1016 3686 auctoritati
1042 3641 1198 3708 magnum
1227 3611 1321 3678 allcrt
1381 3599 1384 3617 ³

233 3739 368 3832 pondus
394 3740 527 3814 laudato
554 3744 666 3813 Schol.
692 3745 774 3814 Plat.
795 3745 878 3840 ch.
901 3740 962 3830 16),
990 3744 1048 3838 qui
1073 3744 1202 3810 minora
1215 3741 1320 3804 Pana·
1440 3825 1441 3848 Χ

231 3935 473 3947 *naua—-

272 4065 314 4135 tl)
335 4065 363 4115 F.
384 4067 414 4119 Α.
435 4065 467 4116 Τ.
484 4066 519 4123 ΙΙ.
537 4083 554 4134 p
583 4067 632 4133 357
655 4082 714 4136 sqq.

273 4156 316 4223 15)
334 4153 362 4207 P.
381 4153 413 4206 ll.
432 4152 494 4210 Vol.
514 4153 545 4202 11.
564 4170 592 4223 p.
613 4156 664 4208 332
685 4169 743 4224 sqq.
764 4152 805 4203 ed.
825 4153 902 4222 Angl.

273 4245 316 4310 16)
336 4261 361 4311 p.
386 4239 565 4308 1411111111.
