2920 4868
515 447 759 514 ...21...

93 637 354 706 Atheniensibus
381 635 626 706 celebratorum
664 634 770 705 altero
790 653 895 706 ¹tanto
925 639 1086 708 maiorem
1112 640 1189 710 esse

97 762 180 829 dicit
205 785 305 854 quam
328 758 534 854 reliquarum
556 759 717 830 Graeciae
744 760 931 844 ciuitatum,
955 761 994 828 id
1018 760 1111 856 qued
1132 763 1187 830 ia·

97 882 159 950 cile
184 884 335 976 perspici
356 901 467 976 potest
482 907 529 970 ¹en
543 882 760 976 heortologiis
774 882 920 953 ,Meursii
942 901 976 950 et
994 883 1185 956 Castellani.

11 1001 12 1008 '
96 1002 262 1072 Plurimos
288 1024 397 1072 autem
421 1008 597 1073 Tarentini
627 1006 784 1074 habuisse
815 1005 972 1074 videntur
989 999 1042 1099 6),
1082 1014 1187 1105 quia

97 1127 241 1220 simplici
268 1130 405 1196 civitatis
430 1129 562 1222 patriae
583 1132 647 1196 vita
671 1147 846 1221 tantopere
872 1127 1115 1216 discesserunt,
1150 1153 1188 1204 ut

98 1250 140 1317 ad
161 1245 260 1318 ferias
286 1239 429 1345 igen'das
451 1255 663 1346 non'pietate
689 1277 767 1346 erga
790 1250 871 1320 deos
883 1305 894 1336 ,
931 1253 993 1321 sed
1025 1254 1188 1349 splende-

99 1378 142 1442 ris
176 1393 211 1444 et
248 1375 396 1442 luxuriae
432 1375 541 1446 studio
582 1375 839 1444 adducerentur.
910 1379 1041 1462 Quanto
1076 1399 1187 1451 autem

11 1553 12 1558 1
103 1523 174 1574 cum
200 1513 313 1566 amore
338 1498 519 1590 studioque
552 1497 772 1564 Athenienses
801 1497 879 1565 ¹<lies
903 1497 1005 1568 festos
1045 1503 1186 1594 egerint,

100 1624 223 1714 optime
249 1635 390 1715 apparet
413 1647 454 1689 ex
480 1621 714 1699 Demosthenis
734 1617 763 1704 ⁷)
789 1619 883 1704 loco,
922 1625 980 1716 qui
1006 1645 1062 1692 eos
1088 1649 1188 1693 aceu-

100 1763 163 1826 sat,
204 1743 298 1839 quod
323 1743 365 1812 ad
392 1743 511 1813 classes
536 1741 710 1811 ‘ornandas
745 1767 815 1812 non
840 1762 908 1812 tam
944 1764 1078 1814 strenue
1115 1773 1188 1816 sese

101 1883 214 1960 gerant
248 1883 349 1962 quatu
386 1868 431 1936 ad
451 1869 612 1961 Dionysia
645 1885 679 1934 et
708 1868 938 1938 Panathenaea
975 1869 1187 1938 celebrande.

101 1989 349 2060 Unalefactum
370 2010 437 2073 cst,
469 1992 565 2058 utin
589 1991 709 2057 horum
734 1993 946 2084 potissimum
970 1991 1188 2088 splendorem

101 2115 319 2184 Athenienses
341 2113 497 2209 profusos
522 2132 672 2206 sumptus
699 2112 956 2206 suppeditarent
973 2107 1015 2206 ⁸).

197 2239 310 2331 Atque
332 2237 414 2304 festa
437 2261 559 2331 quum,
592 2253 629 2304 ut
666 2235 753 2302 infra
790 2237 977 2306 videbimus
989 2290 1000 2322 ,
1044 2242 1188 2310 cuiusvis

102 2360 170 2431 sere
197 2362 328 2456 generis
353 2383 445 2426 sacra
477 2361 703 2442 continerent,
737 2378 826 2427 tanta
861 2363 1054 2431 auctoritate
1080 2361 1191 2476 digni-

100 2497 233 2580 ta'teque
256 2484 472 2565 fruebantur,
511 2502 548 2550 ut
577 2507 688 2577 prope
719 2508 834 2552 omnes
863 2483 1023 2554 Graeciae
1056 2485 1187 2554 incolae

99 2610 150 2677 his
176 2607 408 2676 occasionibus
431 2609 467 2674 in
492 2631 581 2689 earn,
619 2631 704 2700 quae
739 2606 861 2694 festum
886 2607 1026 2702 aliquod
1055 2612 1189 2678 maioris

100 2732 260 2798 momenti
300 2729 513 2810 celebrabat,
553 2729 717 2795 ciuitatem
758 2729 994 2809 convenirent,
1023 2751 1104 2823 'qua
1126 2728 1190 2796 ¹de

104 2860 222 2921 eaussa'
241 2877 280 2919 ea
314 2876 399 2944 quae
423 2848 560 2944 publica
592 2867 625 2914 et
650 2849 804 2916 omnibus
831 2847 968 2918 Graecis
1002 2853 1191 2920 communia

104 2994 212 3057 erant,
240 2967 457 3068 ’πανηγύρεις
481 2973 700 3054 vocabantur,
738 2973 760 3038 i.
787 2997 816 3038 c.
842 2972 1033 3056 sollemnia,
1053 2975 1186 3068 quibus

103 3123 217 3166 omnes
242 3099 310 3164 sive
334 3099 435 3166 totius
455 3095 636 3176 Graeciae,
661 3095 728 3162 sive
753 3096 851 3160 unius
870 3097 1008 3166 civitatis
1034 3099 1188 3167 homiues

102 3239 355 3316 congregantur.
420 3219 669 3312 Antiquissimis
708 3219 798 3284 enim
831 3221 1040 3312 temporibus
1065 3225 1191 3291 eivita-

101 3366 171 3414 tum
195 3344 402 3437 singularum
427 3365 549 3435 corpus
569 3359 626 3408 'tot
649 3343 809 3408 membris
833 3343 922 3408 inter
945 3367 979 3408 se
1009 3343 1190 3410 cohaeren-

103 3471 189 3537 tibus
217 3468 403 3550 constabat,
428 3485 465 3533 ut
488 3451 615 3532 horum·
634 3441 797 3558 pleraque
823 3491 882 3531 sua
906 3465 990 3533 feste
1015 3467 1205 3552 haberent,

102 3593 224 3684 quibus
246 3590 309 3657 alia
333 3613 403 3656 non
427 3591 619 3656 intererant.
669 3589 787 3681 Itaque
810 3590 1051 3656 substantivum
1075 3587 1190 3668 πανή-

101 3735 197 3809 γυρις
230 3739 334 3810 quum
371 3712 414 3780 ad
438 3713 613 3780 hominum
641 3714 783 3779 maxime
812 3714 1084 3806 congregationes
1121 3712 1189 3780 sol·

313 3881 384 3894 ..u-..-

154 3968 184 4038 6)
204 3963 291 4018 Strab.
310 3965 356 4016 vl.
374 3981 401 4033 p.
426 3966 483 4033 193·
975 3997 998 4020 J

154 4054 182 4124 7)
200 4051 317 4122 Philipp.
335 4052 356 4108 l.
375 4070 402 4121 p.
422 4053 465 4110 50,
664 4052 675 4068 “
1106 4083 1112 4096 .

150 4143 180 4211 8)
197 4139 287 4210 Quam
312 4157 368 4192 rena
392 4137 517 4209 pluribus
544 4139 671 4210 exposuit
698 4135 850 4191 boeclthius
885 4135 999 4190 Staatsh.
1028 4135 1056 4190 d.
1079 4136 1142 4191 Ath.
1167 4136 1187 4186 Ι.

201 4226 254 4294 224
270 4243 332 4303 sqq.
