2920 4868
540 451 784 520 ..ι-15.-

128 669 203 713 rum
229 641 377 713 libenter
402 641 641 726 recordentur,
668 665 754 737 quae
780 641 937 737 gaudium
962 644 1002 710 iis
1028 642 1218 730 attulerunt,

129 793 267 838 necesse
292 787 361 851 est,
387 765 458 836 dies
482 767 584 836 festos
605 765 762 860 publicos
788 765 926 860 quidem
951 789 1086 849 omnes,
1109 769 1220 861 priva·

38 935 40 942 ‹
129 912 179 962 tos
201 894 378 958 maximam
401 894 438 960 in
474 911 603 986 partem
628 891 747 960 laetam
781 915 924 986 praese
953 891 1044 958 ferro
1069 891 1219 960 formam.

130 1017 219 1099 Quin
242 1013 341 1082 etiam
365 1016 454 1082 inter·
474 1014 621 1108 privatos
635 1013 787 1084 νεκύσια
810 1017 953 1110 quaein
977 1017 1143 1083 honorem
1162 1015 1221 1084 dc-

130 1137 235 1204 functi
260 1138 335 1230 ipso
352 1139 468 1206 mortis
494 1135 550 1204 die
575 1137 776 1232 agebantur,
814 1163 883 1207 uon
908 1138 1091 1208 admodum
1116 1142 1222 1208 tristia

132 1259 232 1328 luisse
257 1260 437 1341 uidentur,
472 1285 577 1354 quum
601 1281 728 1330 veteres
760 1267 875 1332 mortis
910 1264 1063 1356 vitaeque
1092 1262 1223 1331 futurae

132 1409 199 1452 nou
223 1383 389 1456 funestam
413 1386 592 1480 imaginem
617 1388 727 1455 animo
754 1387 992 1480 conciperent,
1019 1361 1241 1480 quamquam·

132 1506 282 1575 Achillas
324 1534 360 1576 sc
399 1508 564 1604 agricolae
603 1515 745 1607 pauperi
786 1512 948 1580 inservire
983 1507 1084 1578 malle
1122 1533 1225 1604 quam

134 1634 272 1702 mortuis
295 1634 463 1728 imperare
488 1633 571 1702 dicit
592 1633 629 1722 ¹).
679 1638 799 1731 Neque
836 1659 915 1704 vero
946 1635 1033 1702 inter
1067 1656 1124 1702 eos
1150 1632 1223 1700 dics

135 1753 233 1822 festos
260 1757 319 1849 qui
345 1754 486 1824 deorum
512 1757 731 1828 colendorum
757 1785 871 1828 caussa
896 1759 1087 1853 agebantur,
1112 1781 1225 1850 neque

135 1880 231 1946 etiam
256 1880 345 1946 inter
370 1901 426 1946 eos
452 1881 512 1974 qui
540 1905 613 1948 rem
645 1882 791 1978 aliquam
832 1899 958 1978 gestam
995 1880 1223 1964 celebrabant,

138 1997 239 2066 ullum
263 1999 415 2080 invenio,
441 2003 500 2094 qui
525 2004 688 2070 moestitia
713 2003 860 2072 Graecos
885 2004 1083 2099 impleverit.

230 2118 288 2188 A‘d
324 2141 476 2192 naturam
517 2145 627 2194 autem
659 2126 820 2194 festorum
857 2125 1064 2196 Graecorum
1100 2131 1226 2228 rectiue

136 2244 406 2340 perspiciendam
432 2247 604 2317 Strabonis
623 2242 654 2340 ²)
681 2248 945 2318 considerandus
969 2268 1018 2318 cst
1036 2249 1130 2319 locus
1156 2252 1225 2334 illc,

136 2395 201 2462 quo
227 2369 265 2444 id
290 2393 363 2438 esse
389 2370 527 2440 Graecis
555 2395 630 2440 cum
655 2373 807 2440 barbaris
840 2395 1016 2440 commune
1042 2369 1149 2456 dicit,
1189 2377 1224 2443 'ut

139 2518 229 2560 sacra
249 2493 399 2563 facerent
424 2494 544 2564 diebus
570 2495 660 2564 iestis
692 2497 840 2562 animum
865 2497 1088 2582 remittentes3
1128 2510 1227 2590 atque

138 2618 221 2696 hoe,
245 2619 371 2710 pergit,
398 2637 514 2686 natura
539 2621 579 2684 iis
605 2622 773 2711 suggerit:
812 2622 886 2705 Quo
909 2645 948 2686 cx
967 2619 1042 2691 loco
1063 2643 1228 2713 apparere

139 2739 278 2825 videtur,
302 2766 395 2812 sacra
420 2741 492 2808 sere
514 2744 623 2808 omnia
644 2741 762 2810 diebus
789 2740 881 2810 festis
907 2743 992 2813 sacta
1018 2768 1101 2826 esse,
1128 2760 1227 2835 atque

192 3033 216 3102 t)
235 3027 288 3084 Od.
306 3027 351 3082 x1.
370 3029 429 3108 idq
448 3025 488 3080 Ad
508 3025 615 3079 beatam
632 3024 723 3095 potius
738 3033 904 3077 mortuorum
920 3023 1104 3076 conditionem
1122 3031 1227 3095 spectat

247 3133 299 3169 vox
318 3117 347 3170 ol
362 3113 507 3189 καμόντες,
525 3119 555 3168 ot
570 3112 751 3186 κεκμηκότες,
768 3111 794 3165 h.
805 3126 829 3162 e.
850 3113 870 3162 ii
887 3113 934 3182 qui
952 3113 1023 3164 vitae
1043 3111 1149 3164 labores
1165 3129 1229 3182 per-

247 3205 376 3256 tuleruut
428 3205 516 3274 Atque
542 3202 623 3254 etiam
648 3199 773 3268 Aeschyli
808 3208 930 3270 tempore
959 3199 1096 3254 Eleusinia
1122 3199 1230 3252 felicem
1293 3211 1298 3217 ·

246 3292 303 3343 fore
333 3292 465 3360 mysteriis
497 3289 665 3342 initiatorum
694 3288 877 3340 conditionem
906 3287 1061 3353 docebant,
1089 3287 1164 3338 cuius
1190 3288 1229 3338 rei

249 3379 420 3431 simulacrum
444 3393 524 3430 suave
548 3377 577 3428 in
606 3375 671 3446 ipsis
691 3375 823 3442 mysteriis
858 3373 1003 3427 celebratis
1027 3371 1230 3427 ostendebatur.
1285 3441 1291 3452 ἡ

247 3468 281 3521 Et
299 3484 379 3538 quum
398 3475 496 3537 poetae
516 3463 725 3533 hymnisque
746 3471 911 3514 mortuorunt
935 3463 1016 3517 vitam
1036 3461 1154 3514 suturam
1172 3470 1233 3512 tau-

248 3572 328 3626 quam
348 3555 497 3606 conuivium
519 3560 656 3604 aeternum
671 3559 818 3613 canerent,
837 3551 930 3601 Graeci
950 3549 984 3600 ad
1002 3557 1114 3600 mortem
1136 3549 1236 3622 depin7

244 3639 359 3712 gandam
380 3642 466 3693 scenis
484 3657 517 3692 cx
536 3637 635 3692 tabulis
650 3637 784 3692 Bacchicis
804 3637 952 3708 destunptie
972 3634 1134 3700 utebantur,
1155 3635 1232 3687 cuius

248 3731 289 3782 rei
306 3729 391 3781 multa
411 3734 585 3780 monumenta
612 3725 702 3776 adbuc
718 3731 874 3795 supersunt.
924 3723 1020 3794 ltaque
1046 3739 1143 3774 coenas
1169 3723 1232 3774 illas

250 3801 413 3870 familiarum
433 3815 462 3868 iu
479 3815 565 3886 cippis
590 3811 786 3884 septtlcralibu's
809 3807 961 3880 anaglypho
980 3827 1116 3893 eaptessas
1143 3810 1234 3880 (Win-

252 3893 349 3958 ckelin.
377 3903 451 3956 Mon.
484 3901 557 3957 ined.
588 3918 620 3970 ¹9
652 3915 694 3951 ao.
722 3897 997 3954 (intumultuose.
1020 3899 1075 3969 76.)
1111 3896 1231 3948 adhaec

248 3992 365 4049 reatinen
386 3989 542 4043 referendas
561 4004 620 4040 esse
634 4001 744 4040 censeo.
1044 4027 1048 4047 ,

199 4083 228 4152 a)
248 4081 280 4133 Χ.
296 4098 323 4150 p.
344 4080 404 4148 467.
442 4069 540 4134 κοινὸν
566 4066 599 4142 di
617 4074 698 4130 τοῦτο
717 4073 774 4130 sair
787 4071 923 4138 Ἑλλήνων
947 4074 996 4124 καὶ
1013 4071 1069 4128 τῶν
1086 4072 1237 4141 βαρβάρων

248 4170 325 4232 ἐστί,
345 4159 375 4222 ad
394 4160 443 4227 uic
463 4167 617 4236 ἱεροποιίας
642 4153 712 4236 μετὰ
743 4159 866 4220 ἀνέσεως
894 4158 1071 4230 ἐορταστικῆς
1087 4162 1235 4212 ποιεῖσθαι

250 4275 275 4310 κ,
293 4273 315 4306 a.
336 4257 359 4308 λ.
380 4249 558 4316 unianimi
579 4249 666 4320 φύσις
685 4247 774 4309 οὕτως
793 4245 970 4319 ὑπαγορεύει.
