2920 4868
534 396 777 492 ...33...

515 747 676 822 CAPUT
721 747 797 821 III.

179 979 411 1048 Panathenaea
435 979 519 1046 haee
544 1007 563 1046 a
580 979 715 1048 Theseo
736 982 885 1048 instituta
904 983 1082 1076 quotannis
1109 982 1200 1055 eele-

106 1102 200 1170 hrata
235 1128 308 1170 esse
342 1102 494 1172 videmus
527 1129 567 1170 ex
591 1104 876 1197 Harpocratione,
914 1108 1007 1174 euius
1042 1107 1201 1184 loeuma

107 1223 211 1292 Suida
237 1228 442 1320 exscriptum
477 1251 548 1294 esse
570 1227 783 1294 manifestum
814 1247 879 1312 est,
918 1256 1021 1321 quum
1054 1234 1111 1300 hie
1141 1238 1201 1303 iis*

108 1346 185 1413 dem
211 1346 311 1441 plane
336 1351 447 1418 verbis
474 1369 592 1421 utatur.
652 1350 715 1418 Ille
740 1371 850 1420 autem
871 1347 919 1443 ¹),
958 1347 1102 1439 Διττὰ,
1142 1360 1207 1440 ait„

107 1469 358 1550 Παναθήναια
390 1455 495 1563 ήγιτο
521 1469 717 1570 Ἀθήνησι,
756 1470 807 1540 τὰ
835 1473 902 1564 μίν
927 1476 1012 1544 καθ’
1043 1468 1202 1548 ἕκαστον

108 1590 297 1678 ἐνιαυτὸν,
333 1589 385 1662 τὰ
410 1585 451 1664 δὲ
486 1585 551 1664 διὰ
576 1586 875 1694 πενταετηρίδος,
910 1589 935 1665 οἳ
968 1597 1032 1667 καί
1057 1599 1202 1694 μεγάλα
1260 1668 1265 1675 .

108 1715 274 1788 ἐκάλουν.
326 1721 439 1812 Atque
463 1720 530 1788 hoc
562 1741 655 1789 recte
684 1721 907 1805 dictumest,
944 1751 1049 1818 quum
1082 1731 1201 1820 quovis

107 1842 319 1936 Olympiadis
353 1867 441 1908 anno
463 1841 694 1910 Panathenaea
726 1847 894 1936 posterius
928 1844 1095 1914 celebrata
1128 1875 1201 1916 esse

105 1992 145 2034 ex
168 1969 445 2060 inscriptionibus
471 1986 657 2060 appareat·
692 1968 795 2034 Cuius
818 1971 869 2034 rei
886 1970 1077 2062 exemplum
1100 1970 1201 2038 affero

106 2091 280 2158 decretum
303 2093 484 2184 genuinum
510 2107 543 2155 et
565 2089 747 2156 admodum
764 2090 982 2156 memorabile
1009 2118 1028 2156 a
1047 2070 1210 2162 Belrkero¹

106 2241 123 2286 c
153 2216 181 2280 F
183 2216 353 2282 curmonti
394 2213 527 2282 schedis
560 2216 799 2307 transcriptum
816 2209 868 2305 ²),
912 2216 972 2308 qui
1006 2235 1199 2308 quaestores

107 2342 278 2408 Minervae
316 2337 355 2405 ἐκ
385 2331 656 2418 Παναθηναίων
693 2337 729 2416 ἐς
762 2335 1015 2418 Παναθήναια
1053 2341 1199 2409 rationes

106 2462 250 2530 reddere
277 2461 375 2544 dicit,
408 2465 431 2535 i.
457 2489 485 2530 e.
513 2464 629 2557 quovis
659 2487 769 2545 auno,
804 2463 883 2556 quia
910 2487 950 2528 ex
974 2461 1119 2530 formula
1143 2461 1201 2529 illa

99 2599 201 2669 nota,
223 2573 317 2652 τάδε
340 2575 554 2680 παρέδοσαν
581 2584 622 2654 αἱ
645 2583 822 2680 τέτταρες
847 2581 986 2682 ἀρχαὶ,
1015 2577 1056 2652 αἳ
1080 2573 1200 2652 ἐδίδο-

106 2730 177 2778 σαν
202 2705 271 2777 τὸν
297 2705 405 2801 λόγον
431 2708 468 2774 ἐκ
485 2705 756 2787 Παναθηναίων
781 2706 1078 2788 ε’ςΠαναΞιήναια
1098 2736 1199 2800 quae-

105 2851 208 2900 stores
226 2835 405 2901 ¹Minervae
429 2857 555 2898 annues
582 2831 682 2898 fuisse
709 2851 823 2926 aperte
851 2833 969 2898 elucet.
1021 2835 1094 2914 Qua
1120 2857 1197 2896 curn

104 2953 247 3024 formula
265 2954 497 3049 coniungenda
514 2979 584 3021 esse
607 2953 696 3020 illius
719 2953 847 3021 decreti
860 2954 1098 3048 praecedentia
1112 2955 1196 3020 haee

105 3081 204 3146 verba
222 3082 421 3174 ¹rectissime
451 3077 596 3146 ostendit
624 3078 811 3145 Beeekhius
831 3070 883 3169 ³):
923 3073 987 3144 καί
1020 3073 1197 3144 τολοιπόν

104 3195 393 3294 ἀναγραψάντων
416 3197 452 3264 σί
481 3195 539 3266 ἀεὶ
561 3191 698 3289 ταμίαι
720 3193 757 3289 (i.
777 3225 804 3266 e.
826 3217 1017 3293 quaestores
1045 3201 1195 3292 singulo-

101 3349 176 3389 rum
201 3318 379 3414 annorum)
401 3322 449 3402 είς
474 3322 611 3403 στήλην
633 3319 695 3390 καὶ
720 3320 828 3413 λόγον
857 3315 1034 3390 διδόντων
1054 3326 1125 3390 τῶν
1150 3341 1193 3388 τι

102 3439 214 3515 όντων
240 3444 438 3542 χρημάτων
464 3443 526 3513 καί
550 3449 622 3515 τῶν
644 3443 871 3541 προσιόντων
898 3449 976 3524 τοῖς
1000 3445 1109 3532 θεοῖς,
1130 3443 1195 3512 καί
1293 3487 1298 3522 z

104 3569 167 3639 ἐάν
202 3592 242 3637 τι
277 3565 524 3649 ἀναλίσκηται
562 3565 683 3636 κατὰ
721 3566 806 3635 τὸν
844 3567 1063 3636 ἐνιαυτὸν
1103 3567 1191 3663 πρὸς

103 3691 187 3775 τοὺς
218 3691 392 3787 λογιστὰς
417 3690 479 3762 καὶ
511 3692 668 3772 εὐθύνας
694 3683 889 3781 διδόντων,
930 3687 993 3760 καὶ
1030 3691 1077 3760 ἐν
1101 3693 1194 3762 Πα-

161 4027 185 4094 ι)
203 4044 222 4078 s.
241 4044 265 4078 v.
284 4023 485 4088 Παναθήναια

157 4117 183 4184 τ)
205 4117 254 4182 Ap.
276 4111 391 4166 Boeckh.
412 4111 440 4163 C.
459 4114 478 4162 1.
497 4129 522 4164 n·
543 4113 583 4179 76.

156 4208 182 4278 3)
200 4207 270 4257 lbid.
293 4224 317 4274 p.
342 4224 396 4276 ¹79·
