2906 4882
524 439 793 504 -117-

128 627 281 724 Zophori
312 625 394 698 latus
428 653 446 692 a
472 647 566 720 parte
592 628 793 696 occidentali
825 629 1025 722 incipientes
1052 629 1200 699 videmus

130 753 283 846 equitum
319 767 480 819 catervam
508 744 534 842 ¹)
574 775 718 845 quorum
757 753 887 818 habitus
927 769 1026 846 atque
1064 755 1201 822 vestitus

131 875 224 946 idem
260 891 309 942 est
339 892 438 968 atque
478 895 593 942 eorum
627 898 710 968 quos
739 876 774 942 in
808 873 913 941 latere
950 875 1203 970 septentrionali

129 999 242 1066 intuiti
264 1018 386 1080 sumus,
411 998 474 1063 nisi
500 997 592 1092 quod
617 999 676 1091 qui
699 1008 819 1091 petaso'
839 997 948 1064 induti
970 997 1143 1082 ridentur,
1168 1002 1204 1065 in

128 1123 192 1190 hac
225 1145 351 1216 pompa
382 1123 484 1214 primi
513 1123 641 1215 equites
667 1122 773 1206 sunt,‘
800 1145 903 1215 quum
936 1123 972 1188 in
1005 1118 1063 1190 illo
1097 1121 1202 1191 latere

129 1269 195 1340 per
208 1259 322 1314 'totam
339 1247 496 1339 equitum
519 1263 682 1314 catervam
708 1243 875 1313 distributi
900 1245 974 1312 sint.
1026 1246 1128 1314 Cuius
1154 1249 1206 1316 rei

132 1393 296 1462 quaenam
329 1370 371 1436 sit
399 1393 535 1448 caussa,
570 1367 729 1463 equidem
759 1393 829 1436 non
861 1367 981 1452 video,
1014 1371 1048 1436 si
1066 1369 1208 1463 quidem

129 1491 250 1560 tabulis
291 1490 452 1586 suppletis
470 1519 510 1560 ·a
548 1493 751 1562 Lenorrnant
792 1490 888 1561 editis
931 1491 1035 1562 fidem
1076 1494 1207 1564 babere

129 1614 220 1683 licet.

227 1737 321 1807 Hanc
355 1740 504 1833 equitum
546 1739 667 1806 seriem
695 1739 869 1833 praecedit
898 1741 934 1807 in
965 1742 1032 1809 boe
1067 1763 1205 1836 quoque

128 1861 234 1951 latere
259 1885 385 1955 pompa
418 1887 573 1929 curruum
611 1860 662 1930 vel
690 1862 821 1930 duobus
848 1863 902 1931 vel
928 1884 1084 1959 quattuor
1110 1869 1206 1962 equi-s

130 1989 319 2055 iunctorum
336 1983 368 2071 ²)
382 2037 391 2067 ,
427 1986 484 2078 qui
508 1988 597 2052 omni
624 2011 663 2052 ex
687 2005 781 2078 parte
806 1989 846 2054 iis
873 1989 995 2056 similes
1018 2007 1093 2056 sunt
1110 1983 1203 2084 ¹qum

128 2113 196 2178 iam
221 2135 320 2203 snpra
351 2111 386 2175 iu
414 2108 518 2176 latere
546 2099 807 2203 septentrionali
831 2113 1071 2212 conspeximus.
1120 2114 1206 2180 Nam

129 2234 187 2300 hie
213 2257 347 2328 quoqne
372 2231 523 2299 videmus
553 2257 623 2299 non
656 2232 764 2298 solum
794 2233 950 2326 apobatas
987 2259 1063 2300 oum
1091 2239 1204 2318 servis,

130 2355 191 2423 sed
218 2358 314 2424 etiam
339 2355 482 2451 singulas
508 2356 645 2422 sentinas
673 2356 709 2422 in
735 2355 870 2448 singulis
894 2358 1047 2424 curribus
1073 2357 1210 2442 stantes,¹

132 2505 217 2574 qrras
243 2479 430 2574 significare
455 2480 580 2545 tribum
604 2479 747 2546 Atticam
772 2481 961 2560 victricem,
976 2504 1025 2547 'ex
1048 2505 1113 2574 qua
1139 2483 1211 2548 sin-

130 2601 202 2697 guli
222 2603 363 2669 victores
388 2603 457 2667 nati
482 2621 600 2683 essent,
628 2628 729 2696 supra
756 2601 1060 2670 demonstravimus.

229 2728 335 2793 Porro
370 2725 591 2817 conspicimus
623 2743 697 2791 aute
729 2723 806 2792 illos
842 2749 957 2792 currus
992 2728 1111 2794 seriem
1144 2728 1214 2794 lio-¹

130 2851 260 2918 minum
279 2844 309 2936 ³)
341 2851 399 2944 qui
424 2871 519 2915 senes
542 2846 670 2941 palliati
696 2866 729 2913 ct
749 2873 899 2942 magnam
925 2867 1055 2942 partem
1075 2850 1208 2916 barbati

134 2999 209 3042 esse
240 2973 403 3042 videntur.
467 2973 532 3056 Qui
564 2995 668 3066 quum
693 2969 923 3066 respondeant
953 2989 986 3037 et
1014 2972 1205 3038 hominibus

189 3257 213 3329 t)
230 3255 298 3308 Mus.
314 3257 379 3309 Brit.
405 3257 484 3326 Elgin
508 3256 635 3308 Marbles.
660 3273 688 3308 u.
707 3259 753 3311 62.
775 3273 816 3326 77.
843 3256 892 3326 Ap.
917 3257 1015 3311 Stuart.
1047 3257 1122 3308 Fasc.
1149 3257 1206 3320 XX,

240 3345 335 3410 4-10,
348 3347 511 3396 Lenormant
529 3345 598 3395 hanc
611 3344 733 3413 equitum
746 3344 842 3395 seriem
855 3361 870 3395 e
881 3342 980 3395 tabulis
998 3343 1100 3394 Carreii
1113 3343 1210 3394 adum·-

236 3430 321 3481 bratis
339 3432 484 3502 supplevit,
501 3432 539 3500 pl.
561 3431 604 3494 Vl,
622 3431 679 3482 Vll.
705 3449 724 3483 ι.
743 3450 768 3485 a.
787 3436 813 3487 3.

190 3523 217 3597 a)
238 3525 360 3595 erarum
377 3525 531 3578 tabularum
549 3542 619 3595 quae
638 3542 729 3576 currus
749 3523 896 3576 ostendunt
913 3541 1013 3594 paucae
1035 3533 1138 3576 tanturn
1159 3530 1206 3576 ex-

231 3611 351 3663 stantia
372 3613 439 3664 Mus.
459 3613 523 3664 Brit.
541 3630 566 3663 n.
587 3615 700 3681 78-82.
730 3612 859 3682 Reliquae
888 3613 1029 3680 suppletae
1049 3619 1112 3662 sunt
1130 3629 1145 3662 e
1162 3620 1206 3662 ta-

235 3698 308 3750 bulis
327 3700 477 3751 Cosmianis
498 3717 542 3770 ap.
560 3699 777 3768 Lenormant(pl.
792 3699 850 3760 VII,
872 3699 895 3749 3.
914 3701 939 3764 4.
956 3699 1028 3760 vul,
1054 3699 1130 3769 1-3)
1159 3698 1208 3749 sed

236 3785 335 3855 passim
354 3789 464 3839 nonita
483 3795 571 3848 reete,
598 3802 681 3855 quum
698 3783 803 3836 duobus
820 3783 887 3835 locis
904 3800 953 3852 pro
975 3800 1058 3853 puero
1080 3783 1208 3837 feminam

239 3874 267 3924 in
292 3891 370 3924 curru
395 3883 511 3926 stantem
533 3889 663 3943 equorum
687 3871 805 3923 habenas
832 3877 926 3922 tencre
953 3871 1011 3940 ipse
1038 3871 1201 3924 Lenormant

238 3958 317 4010 (licat.

187 4053 216 4123 3)
232 4053 306 4104 Duae
328 4062 431 4105 tantum
451 4053 531 4104 huius
551 4053 634 4122 partis
655 4051 769 4120 'lophori
789 4050 899 4102 tabulae
918 4063 1084 4101 marmoreae
1103 4055 1210 4099 exstant

178 4135 182 4144 “
233 4142 261 4190 in
279 4141 348 4192 Mus.
368 4141 430 4191 Brit.
449 4157 473 4191 n.
497 4145 540 4197 83.
554 4143 596 4194 85.
620 4139 734 4208 Reliqua
755 4136 893 4209 supplevit
911 4151 944 4189 ex
966 4135 1064 4188 tabulis
1084 4135 1212 4187 Carteia*

236 4225 277 4278 uis
298 4229 469 4281 Lenornrant.
490 4225 611 4300 ptv11,
631 4227 702 4294 3..4.
