<?xml version="1.0" encoding="UTF-8"?>
<!DOCTYPE html PUBLIC "-//W3C//DTD XHTML 1.0 Transitional//EN"
    "http://www.w3.org/TR/xhtml1/DTD/xhtml1-transitional.dtd">
<html xmlns="http://www.w3.org/1999/xhtml" xml:lang="en" lang="en">
 <head>
  <title>
</title>
<meta http-equiv="Content-Type" content="text/html;charset=utf-8" />
  <meta name='ocr-system' content='tesseract 3.04.00' />
  <meta name='ocr-capabilities' content='ocr_page ocr_carea ocr_par ocr_line ocrx_word'/>
</head>
<body>
  <div class='ocr_page' id='page_1' title='image "./panathenaica01muelgoog_0127.png"; bbox 0 0 2906 4882; ppageno 0'>
   <div class='ocr_carea' id='block_1_1' title="bbox 663 451 931 522">
    <p class='ocr_par' dir='ltr' id='par_1_1' title="bbox 663 451 931 522">
     <span class='ocr_line' id='line_1_1' title="bbox 663 451 931 522; baseline -0.011 0"><span class='ocrx_word' id='word_1_1' title='bbox 663 451 931 522; x_wconf 76' lang='lat' dir='ltr'><strong>-1tt-·</strong></span> 
     </span>
    </p>
   </div>
   <div class='ocr_carea' id='block_1_2' title="bbox 198 646 1432 2719">
    <p class='ocr_par' dir='ltr' id='par_1_2' title="bbox 266 646 1350 1731">
     <span class='ocr_line' id='line_1_2' title="bbox 269 646 1347 746; baseline -0.005 -26"><span class='ocrx_word' id='word_1_2' title='bbox 269 671 302 722; x_wconf 87' lang='lat' dir='ltr'><strong>et</strong></span> <span class='ocrx_word' id='word_1_3' title='bbox 325 652 427 746; x_wconf 80' lang='lat' dir='ltr'><strong>pallio</strong></span> <span class='ocrx_word' id='word_1_4' title='bbox 451 654 557 720; x_wconf 83' lang='lat' dir='ltr'><strong>vestiti</strong></span> <span class='ocrx_word' id='word_1_5' title='bbox 588 677 661 717; x_wconf 85' lang='lat' dir='ltr'><strong>esse</strong></span> <span class='ocrx_word' id='word_1_6' title='bbox 685 649 841 718; x_wconf 82' lang='lat' dir='ltr'><strong>videntur</strong></span> <span class='ocrx_word' id='word_1_7' title='bbox 864 646 917 734; x_wconf 71' lang='grc' dir='ltr'><strong>Ι6).</strong></span> <span class='ocrx_word' id='word_1_8' title='bbox 970 654 1081 735; x_wconf 81' lang='lat' dir='ltr'><strong>Quare</strong></span> <span class='ocrx_word' id='word_1_9' title='bbox 1105 650 1347 743; x_wconf 81' lang='lat' dir='ltr'><strong>cognoscimus,</strong></span> 
     </span>
     <span class='ocr_line' id='line_1_3' title="bbox 271 773 1349 870; baseline -0.007 -24"><span class='ocrx_word' id='word_1_10' title='bbox 271 778 321 846; x_wconf 83' lang='lat' dir='ltr'><strong>eo&#39;</strong></span> <span class='ocrx_word' id='word_1_11' title='bbox 336 796 490 870; x_wconf 82' lang='lat' dir='ltr'><strong>tempore</strong></span> <span class='ocrx_word' id='word_1_12' title='bbox 517 799 584 868; x_wconf 87' lang='lat' dir='ltr'><strong>quo</strong></span> <span class='ocrx_word' id='word_1_13' title='bbox 613 773 748 840; x_wconf 81' lang='lat' dir='ltr'><strong>Phidias</strong></span> <span class='ocrx_word' id='word_1_14' title='bbox 781 775 921 867; x_wconf 87' lang='lat' dir='ltr'><strong>eiusque</strong></span> <span class='ocrx_word' id='word_1_15' title='bbox 946 774 1103 868; x_wconf 81' lang='lat' dir='ltr'><strong>discipuli</strong></span> <span class='ocrx_word' id='word_1_16' title='bbox 1128 774 1349 840; x_wconf 78' lang='lat' dir='ltr'><strong>Parthenonis</strong></span> 
     </span>
     <span class='ocr_line' id='line_1_4' title="bbox 272 895 1350 994; baseline -0.005 -28"><span class='ocrx_word' id='word_1_17' title='bbox 272 899 467 994; x_wconf 80' lang='lat' dir='ltr'><strong>Zopborum</strong></span> <span class='ocrx_word' id='word_1_18' title='bbox 503 897 616 992; x_wconf 65' lang='lat' dir='ltr'><strong>figuris</strong></span> <span class='ocrx_word' id='word_1_19' title='bbox 650 898 835 978; x_wconf 79' lang='lat' dir='ltr'><strong>ornabant,</strong></span> <span class='ocrx_word' id='word_1_20' title='bbox 873 895 972 970; x_wconf 87' lang='lat' dir='ltr'><strong>ludos</strong></span> <span class='ocrx_word' id='word_1_21' title='bbox 1008 899 1152 964; x_wconf 85' lang='lat' dir='ltr'><strong>musicos</strong></span> <span class='ocrx_word' id='word_1_22' title='bbox 1181 898 1218 961; x_wconf 89' lang='lat' dir='ltr'><strong>in</strong></span> <span class='ocrx_word' id='word_1_23' title='bbox 1243 897 1350 962; x_wconf 83' lang='lat' dir='ltr'><strong>Pana-</strong></span> 
     </span>
     <span class='ocr_line' id='line_1_5' title="bbox 271 1019 1348 1114; baseline -0.005 -24"><span class='ocrx_word' id='word_1_24' title='bbox 271 1024 419 1094; x_wconf 75' lang='lat' dir='ltr'><strong>thenaeis</strong></span> <span class='ocrx_word' id='word_1_25' title='bbox 441 1023 507 1088; x_wconf 80' lang='lat' dir='ltr'><strong>iam</strong></span> <span class='ocrx_word' id='word_1_26' title='bbox 527 1021 693 1088; x_wconf 82' lang='lat' dir='ltr'><strong>institutos</strong></span> <span class='ocrx_word' id='word_1_27' title='bbox 713 1019 825 1101; x_wconf 79' lang='lat' dir='ltr'><strong>luisse,</strong></span> <span class='ocrx_word' id='word_1_28' title='bbox 852 1045 937 1113; x_wconf 84' lang='lat' dir='ltr'><strong>quae</strong></span> <span class='ocrx_word' id='word_1_29' title='bbox 962 1045 1016 1088; x_wconf 78' lang='lat' dir='ltr'><strong>res</strong></span> <span class='ocrx_word' id='word_1_30' title='bbox 1042 1021 1167 1114; x_wconf 84' lang='lat' dir='ltr'><strong>optime</strong></span> <span class='ocrx_word' id='word_1_31' title='bbox 1191 1021 1348 1112; x_wconf 84' lang='lat' dir='ltr'><strong>congruit</strong></span> 
     </span>
     <span class='ocr_line' id='line_1_6' title="bbox 271 1141 1346 1239; baseline -0.004 -25"><span class='ocrx_word' id='word_1_32' title='bbox 271 1163 526 1239; x_wconf 70' lang='lat' dir='ltr'><strong>contempero</strong></span> <span class='ocrx_word' id='word_1_33' title='bbox 560 1167 629 1237; x_wconf 90' lang='lat' dir='ltr'><strong>quo</strong></span> <span class='ocrx_word' id='word_1_34' title='bbox 660 1141 759 1211; x_wconf 79' lang='lat' dir='ltr'><strong>ludos</strong></span> <span class='ocrx_word' id='word_1_35' title='bbox 793 1145 936 1210; x_wconf 82' lang='lat' dir='ltr'><strong>musicos</strong></span> <span class='ocrx_word' id='word_1_36' title='bbox 971 1143 1144 1210; x_wconf 80' lang='lat' dir='ltr'><strong>aPeticle</strong></span> <span class='ocrx_word' id='word_1_37' title='bbox 1179 1144 1346 1211; x_wconf 86' lang='lat' dir='ltr'><strong>institutos</strong></span> 
     </span>
     <span class='ocr_line' id='line_1_7' title="bbox 267 1265 1347 1362; baseline -0.008 -22"><span class='ocrx_word' id='word_1_38' title='bbox 267 1295 342 1340; x_wconf 83' lang='lat' dir='ltr'><strong>esse</strong></span> <span class='ocrx_word' id='word_1_39' title='bbox 373 1293 475 1362; x_wconf 76' lang='lat' dir='ltr'><strong>supi-n</strong></span> <span class='ocrx_word' id='word_1_40' title='bbox 504 1268 778 1360; x_wconf 81' lang='lat' dir='ltr'><strong>emuputavimus.</strong></span> <span class='ocrx_word' id='word_1_41' title='bbox 834 1265 1072 1360; x_wconf 76' lang='lat' dir='ltr'><strong>Vides-igitur</strong></span> <span class='ocrx_word' id='word_1_42' title='bbox 1094 1265 1252 1337; x_wconf 78' lang='lat' dir='ltr'><strong>-musieos</strong></span> <span class='ocrx_word' id='word_1_43' title='bbox 1286 1267 1347 1331; x_wconf 77' lang='lat' dir='ltr'><strong>Pe-</strong></span> 
     </span>
     <span class='ocr_line' id='line_1_8' title="bbox 266 1389 1345 1484; baseline -0.004 -26"><span class='ocrx_word' id='word_1_44' title='bbox 266 1394 528 1462; x_wconf 76' lang='lat' dir='ltr'><strong>nathenoeorum</strong></span> <span class='ocrx_word' id='word_1_45' title='bbox 566 1389 665 1458; x_wconf 87' lang='lat' dir='ltr'><strong>ludos</strong></span> <span class='ocrx_word' id='word_1_46' title='bbox 701 1392 809 1457; x_wconf 81' lang='lat' dir='ltr'><strong>uibus</strong></span> <span class='ocrx_word' id='word_1_47' title='bbox 846 1390 959 1458; x_wconf 84' lang='lat' dir='ltr'><strong>scenis</strong></span> <span class='ocrx_word' id='word_1_48' title='bbox 991 1391 1157 1484; x_wconf 78' lang='lat' dir='ltr'><strong>exprimi:</strong></span> <span class='ocrx_word' id='word_1_49' title='bbox 1196 1391 1345 1484; x_wconf 81' lang='lat' dir='ltr'><strong>primum</strong></span> 
     </span>
     <span class='ocr_line' id='line_1_9' title="bbox 266 1511 1346 1610; baseline -0.003 -27"><span class='ocrx_word' id='word_1_50' title='bbox 266 1517 380 1610; x_wconf 83' lang='lat' dir='ltr'><strong>liguris</strong></span> <span class='ocrx_word' id='word_1_51' title='bbox 405 1517 567 1609; x_wconf 72' lang='lat' dir='ltr'><strong>hymnum</strong></span> <span class='ocrx_word' id='word_1_52' title='bbox 591 1517 627 1580; x_wconf 85' lang='lat' dir='ltr'><strong>iu</strong></span> <span class='ocrx_word' id='word_1_53' title='bbox 650 1516 821 1580; x_wconf 73' lang='lat' dir='ltr'><strong>Minmne</strong></span> <span class='ocrx_word' id='word_1_54' title='bbox 847 1515 1010 1582; x_wconf 85' lang='lat' dir='ltr'><strong>bonorem</strong></span> <span class='ocrx_word' id='word_1_55' title='bbox 1036 1511 1249 1596; x_wconf 75' lang='lat' dir='ltr'><strong>canentibus,</strong></span> <span class='ocrx_word' id='word_1_56' title='bbox 1278 1511 1346 1580; x_wconf 81' lang='lat' dir='ltr'><strong>tum</strong></span> 
     </span>
     <span class='ocr_line' id='line_1_10' title="bbox 269 1637 891 1731; baseline -0.01 -21"><span class='ocrx_word' id='word_1_57' title='bbox 269 1639 484 1721; x_wconf 75' lang='lat' dir='ltr'><strong>citbetoetlis,</strong></span> <span class='ocrx_word' id='word_1_58' title='bbox 512 1637 662 1731; x_wconf 82' lang='lat' dir='ltr'><strong>donique</strong></span> <span class='ocrx_word' id='word_1_59' title='bbox 689 1639 891 1704; x_wconf 81' lang='lat' dir='ltr'><strong>tibicinibus.</strong></span> 
     </span>
    </p>

    <p class='ocr_par' dir='ltr' id='par_1_3' title="bbox 198 1752 1432 2719">
     <span class='ocr_line' id='line_1_11' title="bbox 363 1752 1346 1855; baseline -0.004 -25"><span class='ocrx_word' id='word_1_60' title='bbox 363 1762 432 1832; x_wconf 84' lang='lat' dir='ltr'><strong>Iam</strong></span> <span class='ocrx_word' id='word_1_61' title='bbox 447 1761 727 1855; x_wconf 73' lang='lat' dir='ltr'><strong>persequentibus</strong></span> <span class='ocrx_word' id='word_1_62' title='bbox 752 1761 849 1828; x_wconf 88' lang='lat' dir='ltr'><strong>nobis</strong></span> <span class='ocrx_word' id='word_1_63' title='bbox 875 1752 959 1828; x_wconf 71' lang='lat' dir='ltr'><strong>lotus</strong></span> <span class='ocrx_word' id='word_1_64' title='bbox 973 1759 1124 1852; x_wconf 80' lang='lat' dir='ltr'><strong>Zoplsori</strong></span> <span class='ocrx_word' id='word_1_65' title='bbox 1141 1761 1346 1852; x_wconf 76' lang='lat' dir='ltr'><strong>septentrio·</strong></span> 
     </span>
     <span class='ocr_line' id='line_1_12' title="bbox 265 1881 1346 1956; baseline -0.006 -1"><span class='ocrx_word' id='word_1_66' title='bbox 265 1885 342 1956; x_wconf 78' lang='lat' dir='ltr'><strong>nole</strong></span> <span class='ocrx_word' id='word_1_67' title='bbox 367 1887 530 1952; x_wconf 76' lang='lat' dir='ltr'><strong>orientem</strong></span> <span class='ocrx_word' id='word_1_68' title='bbox 561 1909 676 1951; x_wconf 81' lang='lat' dir='ltr'><strong>versus</strong></span> <span class='ocrx_word' id='word_1_69' title='bbox 712 1883 775 1950; x_wconf 79' lang='lat' dir='ltr'><strong>alia</strong></span> <span class='ocrx_word' id='word_1_70' title='bbox 809 1881 982 1951; x_wconf 75' lang='lat' dir='ltr'><strong>sollemnia</strong></span> <span class='ocrx_word' id='word_1_71' title='bbox 1007 1884 1248 1950; x_wconf 77' lang='lat' dir='ltr'><strong>Penatbemica</strong></span> <span class='ocrx_word' id='word_1_72' title='bbox 1274 1905 1346 1948; x_wconf 84' lang='lat' dir='ltr'><strong>sese</strong></span> 
     </span>
     <span class='ocr_line' id='line_1_13' title="bbox 267 2005 1432 2099; baseline -0.007 -19"><span class='ocrx_word' id='word_1_73' title='bbox 267 2007 422 2080; x_wconf 72' lang='lat' dir='ltr'><strong>offerunt:</strong></span> <span class='ocrx_word' id='word_1_74' title='bbox 455 2008 617 2078; x_wconf 76' lang='lat' dir='ltr'><strong>sacrificiu</strong></span> <span class='ocrx_word' id='word_1_75' title='bbox 647 2007 725 2076; x_wconf 87' lang='lat' dir='ltr'><strong>dico</strong></span> <span class='ocrx_word' id='word_1_76' title='bbox 754 2033 822 2074; x_wconf 83' lang='lat' dir='ltr'><strong>una</strong></span> <span class='ocrx_word' id='word_1_77' title='bbox 856 2030 934 2074; x_wconf 77' lang='lat' dir='ltr'><strong>cun</strong></span> <span class='ocrx_word' id='word_1_78' title='bbox 958 2005 1059 2072; x_wconf 80' lang='lat' dir='ltr'><strong>rebus</strong></span> <span class='ocrx_word' id='word_1_79' title='bbox 1084 2006 1344 2099; x_wconf 74' lang='lat' dir='ltr'><strong>hominibusque</strong></span> <span class='ocrx_word' id='word_1_80' title='bbox 1431 2053 1432 2064; x_wconf 45' lang='grc'>1</span> 
     </span>
     <span class='ocr_line' id='line_1_14' title="bbox 265 2129 1341 2222; baseline -0.007 -20"><span class='ocrx_word' id='word_1_81' title='bbox 265 2132 309 2202; x_wconf 73' lang='lat' dir='ltr'><strong>ol</strong></span> <span class='ocrx_word' id='word_1_82' title='bbox 334 2156 427 2202; x_wconf 76' lang='lat' dir='ltr'><strong>sucre</strong></span> <span class='ocrx_word' id='word_1_83' title='bbox 449 2131 606 2202; x_wconf 75' lang='lat' dir='ltr'><strong>iuoiesuln</strong></span> <span class='ocrx_word' id='word_1_84' title='bbox 630 2132 835 2198; x_wconf 82' lang='lat' dir='ltr'><strong>necessariis.</strong></span> <span class='ocrx_word' id='word_1_85' title='bbox 877 2131 964 2196; x_wconf 78' lang='lat' dir='ltr'><strong>Tres</strong></span> <span class='ocrx_word' id='word_1_86' title='bbox 991 2130 1080 2198; x_wconf 74' lang='lat' dir='ltr'><strong>euim</strong></span> <span class='ocrx_word' id='word_1_87' title='bbox 1104 2129 1229 2222; x_wconf 78' lang='lat' dir='ltr'><strong>figures</strong></span> <span class='ocrx_word' id='word_1_88' title='bbox 1255 2153 1341 2222; x_wconf 77' lang='lat' dir='ltr'><strong>quse</strong></span> 
     </span>
     <span class='ocr_line' id='line_1_15' title="bbox 198 2249 1339 2346; baseline -0.005 -22"><span class='ocrx_word' id='word_1_89' title='bbox 198 2265 201 2271; x_wconf 76' lang='grc'>’</span> <span class='ocrx_word' id='word_1_90' title='bbox 260 2260 298 2326; x_wconf 86' lang='lat' dir='ltr'><strong>in</strong></span> <span class='ocrx_word' id='word_1_91' title='bbox 322 2256 442 2326; x_wconf 74' lang='lat' dir='ltr'><strong>tabulis</strong></span> <span class='ocrx_word' id='word_1_92' title='bbox 454 2257 643 2324; x_wconf 79' lang='lat' dir='ltr'><strong>Carreinnis</strong></span> <span class='ocrx_word' id='word_1_93' title='bbox 672 2273 746 2322; x_wconf 82' lang='lat' dir='ltr'><strong>ante</strong></span> <span class='ocrx_word' id='word_1_94' title='bbox 773 2255 928 2320; x_wconf 76' lang='lat' dir='ltr'><strong>tibicines</strong></span> <span class='ocrx_word' id='word_1_95' title='bbox 944 2251 1134 2346; x_wconf 76' lang='lat' dir='ltr'><strong>procedunt</strong></span> <span class='ocrx_word' id='word_1_96' title='bbox 1148 2249 1203 2336; x_wconf 79' lang='lat'><strong>¹7),</strong></span> <span class='ocrx_word' id='word_1_97' title='bbox 1219 2251 1339 2318; x_wconf 66' lang='grc' dir='ltr'><em>’ἀσπο-</em></span> 
     </span>
     <span class='ocr_line' id='line_1_16' title="bbox 264 2373 1346 2477; baseline -0.006 -28"><span class='ocrx_word' id='word_1_98' title='bbox 264 2374 403 2477; x_wconf 78' lang='grc' dir='ltr'><em>φόρους</em></span> <span class='ocrx_word' id='word_1_99' title='bbox 444 2405 514 2448; x_wconf 88' lang='lat' dir='ltr'><strong>esse</strong></span> <span class='ocrx_word' id='word_1_100' title='bbox 545 2380 738 2446; x_wconf 84' lang='lat' dir='ltr'><strong>Viscontius</strong></span> <span class='ocrx_word' id='word_1_101' title='bbox 779 2400 837 2445; x_wconf 88' lang='lat' dir='ltr'><strong>suo</strong></span> <span class='ocrx_word' id='word_1_102' title='bbox 871 2379 945 2442; x_wconf 86' lang='lat' dir='ltr'><strong>iure</strong></span> <span class='ocrx_word' id='word_1_103' title='bbox 978 2393 1098 2470; x_wconf 78' lang='lat' dir='ltr'><strong>putare</strong></span> <span class='ocrx_word' id='word_1_104' title='bbox 1134 2375 1217 2442; x_wconf 88' lang='lat' dir='ltr'><strong>mihi</strong></span> <span class='ocrx_word' id='word_1_105' title='bbox 1249 2373 1346 2443; x_wconf 75' lang='lat' dir='ltr'><strong>vide-</strong></span> 
     </span>
     <span class='ocr_line' id='line_1_17' title="bbox 270 2499 1344 2594; baseline -0.004 -22"><span class='ocrx_word' id='word_1_106' title='bbox 270 2523 342 2592; x_wconf 78' lang='lat' dir='ltr'><strong>tur3</strong></span> <span class='ocrx_word' id='word_1_107' title='bbox 374 2530 453 2572; x_wconf 81' lang='lat' dir='ltr'><strong>nam</strong></span> <span class='ocrx_word' id='word_1_108' title='bbox 478 2503 589 2570; x_wconf 80' lang='lat' dir='ltr'><strong>lucere</strong></span> <span class='ocrx_word' id='word_1_109' title='bbox 618 2527 688 2568; x_wconf 86' lang='lat' dir='ltr'><strong>non</strong></span> <span class='ocrx_word' id='word_1_110' title='bbox 715 2525 891 2594; x_wconf 80' lang='lat' dir='ltr'><strong>possumus</strong></span> <span class='ocrx_word' id='word_1_111' title='bbox 925 2502 1007 2593; x_wconf 80' lang='lat' dir='ltr'><strong>quin</strong></span> <span class='ocrx_word' id='word_1_112' title='bbox 1038 2499 1252 2567; x_wconf 79' lang='lat' dir='ltr'><strong>coniiciemus</strong></span> <span class='ocrx_word' id='word_1_113' title='bbox 1287 2525 1344 2568; x_wconf 85' lang='lat' dir='ltr'><strong>eos</strong></span> 
     </span>
     <span class='ocr_line' id='line_1_18' title="bbox 268 2617 1344 2719; baseline -0.006 -25"><span class='ocrx_word' id='word_1_114' title='bbox 268 2628 327 2719; x_wconf 87' lang='lat' dir='ltr'><strong>qui</strong></span> <span class='ocrx_word' id='word_1_115' title='bbox 352 2627 412 2692; x_wconf 81' lang='lat' dir='ltr'><strong>bas</strong></span> <span class='ocrx_word' id='word_1_116' title='bbox 428 2626 579 2718; x_wconf 83' lang='lat' dir='ltr'><strong>Zophosi</strong></span> <span class='ocrx_word' id='word_1_117' title='bbox 607 2624 734 2691; x_wconf 81' lang='lat' dir='ltr'><strong>tabulas</strong></span> <span class='ocrx_word' id='word_1_118' title='bbox 758 2647 870 2716; x_wconf 76' lang='lat' dir='ltr'><strong>nuper</strong></span> <span class='ocrx_word' id='word_1_119' title='bbox 893 2641 1045 2717; x_wconf 79' lang='lat' dir='ltr'><strong>repertas</strong></span> <span class='ocrx_word' id='word_1_120' title='bbox 1059 2617 1285 2708; x_wconf 65' lang='lat' dir='ltr'><strong>viduabit),</strong></span> <span class='ocrx_word' id='word_1_121' title='bbox 1309 2623 1344 2688; x_wconf 88' lang='lat' dir='ltr'><strong>in</strong></span> 
     </span>
    </p>
   </div>
   <div class='ocr_carea' id='block_1_3' title="bbox 272 2731 1345 2842">
    <p class='ocr_par' dir='ltr' id='par_1_4' title="bbox 272 2731 1345 2842">
     <span class='ocr_line' id='line_1_19' title="bbox 272 2731 1345 2842; baseline -0.005 -26"><span class='ocrx_word' id='word_1_122' title='bbox 272 2773 311 2817; x_wconf 87' lang='lat' dir='ltr'><strong>eo</strong></span> <span class='ocrx_word' id='word_1_123' title='bbox 344 2773 470 2816; x_wconf 81' lang='lat' dir='ltr'><strong>errasse</strong></span> <span class='ocrx_word' id='word_1_124' title='bbox 502 2746 594 2842; x_wconf 88' lang='lat' dir='ltr'><strong>quod</strong></span> <span class='ocrx_word' id='word_1_125' title='bbox 627 2774 681 2815; x_wconf 85' lang='lat' dir='ltr'><strong>res</strong></span> <span class='ocrx_word' id='word_1_126' title='bbox 713 2747 786 2815; x_wconf 83' lang='lat' dir='ltr'><strong>illas</strong></span> <span class='ocrx_word' id='word_1_127' title='bbox 821 2773 903 2840; x_wconf 81' lang='lat' dir='ltr'><strong>ques</strong></span> <span class='ocrx_word' id='word_1_128' title='bbox 945 2747 980 2812; x_wconf 92' lang='lat' dir='ltr'><strong>hi</strong></span> <span class='ocrx_word' id='word_1_129' title='bbox 1014 2765 1080 2814; x_wconf 83' lang='lat' dir='ltr'><strong>tres</strong></span> <span class='ocrx_word' id='word_1_130' title='bbox 1113 2731 1345 2814; x_wconf 68' lang='lat' dir='ltr'><strong>adolescentes</strong></span> 
     </span>
    </p>
   </div>
   <div class='ocr_carea' id='block_1_4' title="bbox 273 2971 561 2987">
    <p class='ocr_par' dir='ltr' id='par_1_5' title="bbox 273 2971 561 2987">
     <span class='ocr_line' id='line_1_20' title="bbox 273 2971 561 2987; baseline -0.01 0"><span class='ocrx_word' id='word_1_131' title='bbox 273 2971 561 2987; x_wconf 56' lang='lat' dir='ltr'><strong>m.-</strong></span> 
     </span>
    </p>
   </div>
   <div class='ocr_carea' id='block_1_5' title="bbox 282 3117 1346 3189">
    <p class='ocr_par' dir='ltr' id='par_1_6' title="bbox 282 3117 1346 3189">
     <span class='ocr_line' id='line_1_21' title="bbox 282 3117 1346 3189; baseline -0.004 -13"><span class='ocrx_word' id='word_1_132' title='bbox 282 3161 285 3166; x_wconf 88' lang='lat'>-</span> <span class='ocrx_word' id='word_1_133' title='bbox 306 3123 349 3189; x_wconf 87' lang='grc'><strong>16)</strong></span> <span class='ocrx_word' id='word_1_134' title='bbox 371 3120 437 3172; x_wconf 85' lang='lat' dir='ltr'><strong>Cum</strong></span> <span class='ocrx_word' id='word_1_135' title='bbox 456 3120 506 3172; x_wconf 80' lang='lat' dir='ltr'><strong>hac</strong></span> <span class='ocrx_word' id='word_1_136' title='bbox 525 3137 605 3172; x_wconf 76' lang='lat' dir='ltr'><strong>scens</strong></span> <span class='ocrx_word' id='word_1_137' title='bbox 633 3119 734 3172; x_wconf 81' lang='lat' dir='ltr'><strong>musica</strong></span> <span class='ocrx_word' id='word_1_138' title='bbox 757 3117 953 3170; x_wconf 79' lang='lat' dir='ltr'><strong>conserendum</strong></span> <span class='ocrx_word' id='word_1_139' title='bbox 979 3127 1021 3170; x_wconf 80' lang='lat' dir='ltr'><strong>est</strong></span> <span class='ocrx_word' id='word_1_140' title='bbox 1045 3118 1116 3170; x_wconf 81' lang='lat' dir='ltr'><strong>letus</strong></span> <span class='ocrx_word' id='word_1_141' title='bbox 1141 3135 1264 3170; x_wconf 81' lang='lat' dir='ltr'><strong>eversum</strong></span> <span class='ocrx_word' id='word_1_142' title='bbox 1290 3137 1346 3172; x_wconf 82' lang='lat' dir='ltr'><strong>eut-</strong></span> 
     </span>
    </p>
   </div>
   <div class='ocr_carea' id='block_1_6' title="bbox 375 3203 1431 3277">
    <p class='ocr_par' dir='ltr' id='par_1_7' title="bbox 375 3203 1431 3277">
     <span class='ocr_line' id='line_1_22' title="bbox 375 3203 1431 3277; baseline -0.001 -19"><span class='ocrx_word' id='word_1_143' title='bbox 375 3207 477 3277; x_wconf 81' lang='lat' dir='ltr'><strong>pbornc</strong></span> <span class='ocrx_word' id='word_1_144' title='bbox 496 3207 565 3258; x_wconf 86' lang='lat' dir='ltr'><strong>Mus.</strong></span> <span class='ocrx_word' id='word_1_145' title='bbox 585 3223 639 3274; x_wconf 73' lang='lat' dir='ltr'><strong>reg.</strong></span> <span class='ocrx_word' id='word_1_146' title='bbox 663 3205 749 3256; x_wconf 80' lang='lat' dir='ltr'><strong>tterot.</strong></span> <span class='ocrx_word' id='word_1_147' title='bbox 777 3208 814 3274; x_wconf 89' lang='lat' dir='ltr'><strong>(n.</strong></span> <span class='ocrx_word' id='word_1_148' title='bbox 834 3209 897 3274; x_wconf 81' lang='lat'>626)</span> <span class='ocrx_word' id='word_1_149' title='bbox 927 3221 996 3274; x_wconf 86' lang='lat' dir='ltr'><strong>quoe</strong></span> <span class='ocrx_word' id='word_1_150' title='bbox 1018 3203 1070 3256; x_wconf 86' lang='lat' dir='ltr'><strong>duo</strong></span> <span class='ocrx_word' id='word_1_151' title='bbox 1095 3206 1238 3257; x_wconf 79' lang='lat' dir='ltr'><strong>sollemnia</strong></span> <span class='ocrx_word' id='word_1_152' title='bbox 1261 3207 1345 3258; x_wconf 75' lang='lat' dir='ltr'><strong>Pone·</strong></span> <span class='ocrx_word' id='word_1_153' title='bbox 1430 3221 1431 3250; x_wconf 59' lang='grc' dir='ltr'><strong>ὲ</strong></span> 
     </span>
    </p>
   </div>
   <div class='ocr_carea' id='block_1_7' title="bbox 313 3287 1349 4334">
    <p class='ocr_par' dir='ltr' id='par_1_8' title="bbox 372 3287 1347 3712">
     <span class='ocr_line' id='line_1_23' title="bbox 373 3287 1346 3352; baseline -0.001 -8"><span class='ocrx_word' id='word_1_154' title='bbox 373 3293 498 3345; x_wconf 77' lang='lat' dir='ltr'><strong>thebaica</strong></span> <span class='ocrx_word' id='word_1_155' title='bbox 525 3291 645 3342; x_wconf 83' lang='lat' dir='ltr'><strong>exbibet.</strong></span> <span class='ocrx_word' id='word_1_156' title='bbox 682 3292 762 3342; x_wconf 82' lang='lat' dir='ltr'><strong>batus</strong></span> <span class='ocrx_word' id='word_1_157' title='bbox 790 3292 861 3340; x_wconf 85' lang='lat' dir='ltr'><strong>euim</strong></span> <span class='ocrx_word' id='word_1_158' title='bbox 891 3287 1031 3342; x_wconf 76' lang='lat' dir='ltr'><strong>adversum</strong></span> <span class='ocrx_word' id='word_1_159' title='bbox 1049 3291 1179 3342; x_wconf 82' lang='lat' dir='ltr'><strong>sacrificio</strong></span> <span class='ocrx_word' id='word_1_160' title='bbox 1201 3293 1346 3352; x_wconf 78' lang='lat' dir='ltr'><strong>Minervae,</strong></span> 
     </span>
     <span class='ocr_line' id='line_1_24' title="bbox 372 3375 1347 3447; baseline 0 -16"><span class='ocrx_word' id='word_1_161' title='bbox 372 3381 444 3432; x_wconf 81' lang='lat' dir='ltr'><strong>letus</strong></span> <span class='ocrx_word' id='word_1_162' title='bbox 465 3395 586 3430; x_wconf 73' lang='lat' dir='ltr'><strong>aversum</strong></span> <span class='ocrx_word' id='word_1_163' title='bbox 605 3378 711 3430; x_wconf 83' lang='lat' dir='ltr'><strong>duobus</strong></span> <span class='ocrx_word' id='word_1_164' title='bbox 739 3375 903 3428; x_wconf 78' lang='lat' dir='ltr'><strong>citharoedis</strong></span> <span class='ocrx_word' id='word_1_165' title='bbox 931 3377 1094 3447; x_wconf 83' lang='lat' dir='ltr'><strong>duobusque</strong></span> <span class='ocrx_word' id='word_1_166' title='bbox 1119 3377 1278 3431; x_wconf 77' lang='lat' dir='ltr'><strong>tibicinibns</strong></span> <span class='ocrx_word' id='word_1_167' title='bbox 1297 3381 1347 3431; x_wconf 88' lang='lat' dir='ltr'><strong>im-</strong></span> 
     </span>
     <span class='ocr_line' id='line_1_25' title="bbox 373 3464 1346 3536; baseline -0.003 -17"><span class='ocrx_word' id='word_1_168' title='bbox 373 3467 502 3520; x_wconf 83' lang='lat' dir='ltr'><strong>berbibus</strong></span> <span class='ocrx_word' id='word_1_169' title='bbox 530 3476 654 3518; x_wconf 75' lang='lat' dir='ltr'><strong>ornatum</strong></span> <span class='ocrx_word' id='word_1_170' title='bbox 677 3473 725 3516; x_wconf 83' lang='lat' dir='ltr'><strong>est.</strong></span> <span class='ocrx_word' id='word_1_171' title='bbox 777 3464 850 3514; x_wconf 83' lang='lat' dir='ltr'><strong>lluec</strong></span> <span class='ocrx_word' id='word_1_172' title='bbox 876 3464 1005 3534; x_wconf 78' lang='lat' dir='ltr'><strong>sunpbora</strong></span> <span class='ocrx_word' id='word_1_173' title='bbox 1033 3482 1112 3536; x_wconf 83' lang='lat' dir='ltr'><strong>quum</strong></span> <span class='ocrx_word' id='word_1_174' title='bbox 1142 3481 1221 3534; x_wconf 73' lang='lat' dir='ltr'><strong>supin</strong></span> <span class='ocrx_word' id='word_1_175' title='bbox 1247 3467 1285 3536; x_wconf 89' lang='lat' dir='ltr'><strong>(p.</strong></span> <span class='ocrx_word' id='word_1_176' title='bbox 1303 3467 1346 3534; x_wconf 68' lang='grc'><strong>54)</strong></span> 
     </span>
     <span class='ocr_line' id='line_1_26' title="bbox 373 3550 1346 3626; baseline -0.004 -20"><span class='ocrx_word' id='word_1_177' title='bbox 373 3555 498 3626; x_wconf 86' lang='lat' dir='ltr'><strong>pluribus</strong></span> <span class='ocrx_word' id='word_1_178' title='bbox 525 3552 787 3606; x_wconf 79' lang='lat' dir='ltr'><strong>commemoravimus</strong></span> <span class='ocrx_word' id='word_1_179' title='bbox 815 3550 896 3620; x_wconf 77' lang='lat' dir='ltr'><strong>digno</strong></span> <span class='ocrx_word' id='word_1_180' title='bbox 923 3560 964 3603; x_wconf 87' lang='lat' dir='ltr'><strong>est</strong></span> <span class='ocrx_word' id='word_1_181' title='bbox 987 3569 1057 3622; x_wconf 83' lang='lat' dir='ltr'><strong>quoe</strong></span> <span class='ocrx_word' id='word_1_182' title='bbox 1083 3570 1143 3603; x_wconf 83' lang='lat' dir='ltr'><strong>cum</strong></span> <span class='ocrx_word' id='word_1_183' title='bbox 1164 3552 1215 3603; x_wconf 81' lang='lat' dir='ltr'><strong>buc</strong></span> <span class='ocrx_word' id='word_1_184' title='bbox 1232 3553 1346 3622; x_wconf 85' lang='lat' dir='ltr'><strong>Zopboti</strong></span> 
     </span>
     <span class='ocr_line' id='line_1_27' title="bbox 376 3639 802 3712; baseline -0.014 -19"><span class='ocrx_word' id='word_1_185' title='bbox 376 3651 452 3712; x_wconf 83' lang='lat' dir='ltr'><strong>porte</strong></span> <span class='ocrx_word' id='word_1_186' title='bbox 473 3641 620 3692; x_wconf 77' lang='lat' dir='ltr'><strong>accuratius</strong></span> <span class='ocrx_word' id='word_1_187' title='bbox 641 3639 802 3690; x_wconf 73' lang='lat' dir='ltr'><strong>consecutur.</strong></span> 
     </span>
    </p>

    <p class='ocr_par' dir='ltr' id='par_1_9' title="bbox 316 3731 1347 3890">
     <span class='ocr_line' id='line_1_28' title="bbox 316 3731 1347 3810; baseline -0.009 -17"><span class='ocrx_word' id='word_1_188' title='bbox 316 3740 357 3810; x_wconf 68' lang='grc' dir='ltr'><strong>ις)</strong></span> <span class='ocrx_word' id='word_1_189' title='bbox 376 3740 425 3806; x_wconf 86' lang='lat' dir='ltr'><strong>Ap.</strong></span> <span class='ocrx_word' id='word_1_190' title='bbox 446 3739 617 3804; x_wconf 75' lang='lat' dir='ltr'><strong>benornsant.</strong></span> <span class='ocrx_word' id='word_1_191' title='bbox 643 3735 680 3803; x_wconf 81' lang='lat' dir='ltr'><strong>pl.</strong></span> <span class='ocrx_word' id='word_1_192' title='bbox 698 3732 737 3796; x_wconf 90' lang='lat' dir='ltr'><strong>V,</strong></span> <span class='ocrx_word' id='word_1_193' title='bbox 753 3736 781 3786; x_wconf 84' lang='grc'><strong>3.</strong></span> <span class='ocrx_word' id='word_1_194' title='bbox 819 3732 915 3784; x_wconf 76' lang='lat' dir='ltr'><strong>Statim</strong></span> <span class='ocrx_word' id='word_1_195' title='bbox 940 3731 1104 3784; x_wconf 78' lang='lat' dir='ltr'><strong>mentionem</strong></span> <span class='ocrx_word' id='word_1_196' title='bbox 1126 3733 1256 3784; x_wconf 75' lang='lat' dir='ltr'><strong>sociemus</strong></span> <span class='ocrx_word' id='word_1_197' title='bbox 1272 3736 1347 3804; x_wconf 78' lang='lat' dir='ltr'><strong>pueri</strong></span> 
     </span>
     <span class='ocr_line' id='line_1_29' title="bbox 378 3817 1264 3890; baseline -0.002 -16"><span class='ocrx_word' id='word_1_198' title='bbox 378 3826 455 3876; x_wconf 83' lang='lat' dir='ltr'><strong>cuius</strong></span> <span class='ocrx_word' id='word_1_199' title='bbox 476 3823 585 3874; x_wconf 69' lang='lat' dir='ltr'><strong>nonsibi</strong></span> <span class='ocrx_word' id='word_1_200' title='bbox 603 3828 686 3890; x_wconf 76' lang='lat' dir='ltr'><strong>ceput</strong></span> <span class='ocrx_word' id='word_1_201' title='bbox 702 3821 777 3872; x_wconf 73' lang='lat' dir='ltr'><strong>lustu</strong></span> <span class='ocrx_word' id='word_1_202' title='bbox 796 3819 911 3888; x_wconf 79' lang='lat' dir='ltr'><strong>primum</strong></span> <span class='ocrx_word' id='word_1_203' title='bbox 930 3817 1072 3872; x_wconf 81' lang='lat' dir='ltr'><strong>tibicinem</strong></span> <span class='ocrx_word' id='word_1_204' title='bbox 1092 3821 1264 3888; x_wconf 78' lang='lat' dir='ltr'><strong>conspicitur.</strong></span> 
     </span>
    </p>

    <p class='ocr_par' dir='ltr' id='par_1_10' title="bbox 313 3912 1349 4334">
     <span class='ocr_line' id='line_1_30' title="bbox 313 3912 1347 3989; baseline -0.007 -18"><span class='ocrx_word' id='word_1_205' title='bbox 313 3922 354 3989; x_wconf 79' lang='grc'><strong>18)</strong></span> <span class='ocrx_word' id='word_1_206' title='bbox 373 3921 405 3970; x_wconf 89' lang='lat' dir='ltr'><strong>V.</strong></span> <span class='ocrx_word' id='word_1_207' title='bbox 427 3937 448 3970; x_wconf 85' lang='lat' dir='ltr'><strong>c.</strong></span> <span class='ocrx_word' id='word_1_208' title='bbox 467 3917 585 3983; x_wconf 83' lang='lat' dir='ltr'><strong>Pittoltys</strong></span> <span class='ocrx_word' id='word_1_209' title='bbox 604 3926 631 3967; x_wconf 88' lang='lat' dir='ltr'><strong>ct</strong></span> <span class='ocrx_word' id='word_1_210' title='bbox 645 3913 851 3966; x_wconf 81' lang='lat' dir='ltr'><strong>Foscbbammer</strong></span> <span class='ocrx_word' id='word_1_211' title='bbox 870 3915 918 3982; x_wconf 93' lang='lat' dir='ltr'><strong>qui</strong></span> <span class='ocrx_word' id='word_1_212' title='bbox 936 3912 970 3964; x_wconf 87' lang='lat' dir='ltr'><strong>dc</strong></span> <span class='ocrx_word' id='word_1_213' title='bbox 990 3915 1023 3964; x_wconf 88' lang='lat' dir='ltr'><strong>iis</strong></span> <span class='ocrx_word' id='word_1_214' title='bbox 1037 3921 1219 3982; x_wconf 78' lang='lat' dir='ltr'><strong>exposuerunt</strong></span> <span class='ocrx_word' id='word_1_215' title='bbox 1238 3916 1267 3966; x_wconf 88' lang='lat' dir='ltr'><strong>in</strong></span> <span class='ocrx_word' id='word_1_216' title='bbox 1280 3915 1347 3965; x_wconf 75' lang='lat' dir='ltr'><strong>butt.</strong></span> 
     </span>
     <span class='ocr_line' id='line_1_31' title="bbox 374 3999 1349 4072; baseline -0.01 -13"><span class='ocrx_word' id='word_1_217' title='bbox 374 4007 437 4059; x_wconf 81' lang='lat' dir='ltr'><strong>dett·</strong></span> <span class='ocrx_word' id='word_1_218' title='bbox 460 4007 525 4057; x_wconf 85' lang='lat' dir='ltr'><strong>lnst.</strong></span> <span class='ocrx_word' id='word_1_219' title='bbox 551 4005 625 4057; x_wconf 78' lang='lat'>1833.</span> <span class='ocrx_word' id='word_1_220' title='bbox 654 4021 681 4072; x_wconf 84' lang='lat' dir='ltr'><strong>p.</strong></span> <span class='ocrx_word' id='word_1_221' title='bbox 706 4005 761 4069; x_wconf 64' lang='lat'><strong>¹4⁰·</strong></span> <span class='ocrx_word' id='word_1_222' title='bbox 798 4002 905 4051; x_wconf 77' lang='lat' dir='ltr'><strong>{lessius</strong></span> <span class='ocrx_word' id='word_1_223' title='bbox 930 4001 958 4050; x_wconf 92' lang='lat' dir='ltr'><strong>in</strong></span> <span class='ocrx_word' id='word_1_224' title='bbox 975 3999 1134 4052; x_wconf 79' lang='lat' dir='ltr'><strong>Konstblttt</strong></span> <span class='ocrx_word' id='word_1_225' title='bbox 1156 4003 1230 4054; x_wconf 77' lang='lat'>18³5.</span> <span class='ocrx_word' id='word_1_226' title='bbox 1258 4018 1285 4055; x_wconf 90' lang='lat' dir='ltr'><strong>n.</strong></span> <span class='ocrx_word' id='word_1_227' title='bbox 1308 4008 1349 4062; x_wconf 81' lang='lat'><strong>80,</strong></span> 
     </span>
     <span class='ocr_line' id='line_1_32' title="bbox 374 4085 1348 4159; baseline -0.01 -13"><span class='ocrx_word' id='word_1_228' title='bbox 374 4095 422 4146; x_wconf 90' lang='lat' dir='ltr'><strong>ubi</strong></span> <span class='ocrx_word' id='word_1_229' title='bbox 441 4093 492 4145; x_wconf 83' lang='lat' dir='ltr'><strong>hcc</strong></span> <span class='ocrx_word' id='word_1_230' title='bbox 510 4090 618 4144; x_wconf 80' lang='lat' dir='ltr'><strong>tabulae</strong></span> <span class='ocrx_word' id='word_1_231' title='bbox 632 4089 715 4159; x_wconf 78' lang='lat' dir='ltr'><strong>lapidi</strong></span> <span class='ocrx_word' id='word_1_232' title='bbox 735 4089 837 4140; x_wconf 79' lang='lat' dir='ltr'><strong>incisae</strong></span> <span class='ocrx_word' id='word_1_233' title='bbox 855 4095 927 4138; x_wconf 88' lang='lat' dir='ltr'><strong>sunt.</strong></span> <span class='ocrx_word' id='word_1_234' title='bbox 947 4087 980 4138; x_wconf 83' lang='lat' dir='ltr'><strong>ef.</strong></span> <span class='ocrx_word' id='word_1_235' title='bbox 998 4085 1138 4138; x_wconf 76' lang='lat' dir='ltr'><strong>Archaeol.</strong></span> <span class='ocrx_word' id='word_1_236' title='bbox 1149 4086 1348 4155; x_wconf 77' lang='lat' dir='ltr'><strong>tutetttgenzbt.</strong></span> 
     </span>
     <span class='ocr_line' id='line_1_33' title="bbox 379 4173 1348 4248; baseline -0.008 -17"><span class='ocrx_word' id='word_1_237' title='bbox 379 4182 405 4232; x_wconf 86' lang='grc'><strong>11.</strong></span> <span class='ocrx_word' id='word_1_238' title='bbox 430 4181 498 4248; x_wconf 79' lang='lat' dir='ltr'><strong>tttg.</strong></span> <span class='ocrx_word' id='word_1_239' title='bbox 518 4180 569 4232; x_wconf 74' lang='lat' dir='ltr'><strong>nic</strong></span> <span class='ocrx_word' id='word_1_240' title='bbox 588 4181 614 4230; x_wconf 84' lang='lat' dir='ltr'><strong>Z.</strong></span> <span class='ocrx_word' id='word_1_241' title='bbox 638 4181 711 4232; x_wconf 75' lang='lat'>1833.</span> <span class='ocrx_word' id='word_1_242' title='bbox 732 4194 758 4226; x_wconf 87' lang='lat' dir='ltr'><strong>n.</strong></span> <span class='ocrx_word' id='word_1_243' title='bbox 777 4178 814 4240; x_wconf 61' lang='lat' dir='ltr'><strong>sq.</strong></span> <span class='ocrx_word' id='word_1_244' title='bbox 837 4175 867 4227; x_wconf 87' lang='lat' dir='ltr'><strong>C.</strong></span> <span class='ocrx_word' id='word_1_245' title='bbox 885 4173 1176 4234; x_wconf 67' lang='lat' dir='ltr'><strong>0..ttuetter,15etsen.</strong></span> <span class='ocrx_word' id='word_1_246' title='bbox 1197 4173 1223 4226; x_wconf 81' lang='lat' dir='ltr'><strong>tl.</strong></span> <span class='ocrx_word' id='word_1_247' title='bbox 1240 4174 1348 4225; x_wconf 81' lang='lat' dir='ltr'><strong>Griccb.</strong></span> 
     </span>
     <span class='ocr_line' id='line_1_34' title="bbox 377 4263 1081 4334; baseline -0.013 -16"><span class='ocrx_word' id='word_1_248' title='bbox 377 4265 554 4334; x_wconf 69' lang='lat' dir='ltr'><strong>llunstgcstb⁴</strong></span> <span class='ocrx_word' id='word_1_249' title='bbox 578 4265 604 4314; x_wconf 90' lang='lat' dir='ltr'><strong>in</strong></span> <span class='ocrx_word' id='word_1_250' title='bbox 625 4265 654 4314; x_wconf 79' lang='lat' dir='ltr'><strong>t.</strong></span> <span class='ocrx_word' id='word_1_251' title='bbox 676 4267 704 4314; x_wconf 90' lang='lat' dir='ltr'><strong>L.</strong></span> <span class='ocrx_word' id='word_1_252' title='bbox 724 4263 749 4311; x_wconf 90' lang='grc' dir='ltr'><strong>Ζ.</strong></span> <span class='ocrx_word' id='word_1_253' title='bbox 776 4265 849 4315; x_wconf 69' lang='grc'>1835.</span> <span class='ocrx_word' id='word_1_254' title='bbox 868 4277 896 4318; x_wconf 84' lang='lat' dir='ltr'><strong>n.</strong></span> <span class='ocrx_word' id='word_1_255' title='bbox 918 4263 973 4315; x_wconf 74' lang='lat'><strong>106.</strong></span> <span class='ocrx_word' id='word_1_256' title='bbox 993 4277 1050 4328; x_wconf 83' lang='lat' dir='ltr'><strong>sqq.</strong></span> <span class='ocrx_word' id='word_1_257' title='bbox 1078 4275 1081 4286; x_wconf 92' lang='grc'><strong><em>·</em></strong></span> 
     </span>
    </p>
   </div>
   <div class='ocr_carea' id='block_1_8' title="bbox 0 0 1458 4882">
    <p class='ocr_par' dir='ltr' id='par_1_11' title="bbox 0 0 1458 4882">
     <span class='ocr_line' id='line_1_35' title="bbox 0 0 1458 4882; baseline 0 0"><span class='ocrx_word' id='word_1_258' title='bbox 0 0 1458 4882; x_wconf 95' lang='lat' dir='ltr'><strong> </strong></span> 
     </span>
    </p>
   </div>
  </div>
 </body>
</html>
