2906 4882
533 447 776 516 ..93-

111 670 115 678 ¹
214 644 388 709 Pausanias
421 636 452 726 l)
490 639 630 736 quidem
672 630 828 734 Abtolyci
864 642 1102 734 pancratiastas
1138 646 1192 714 cui

108 764 237 833 Callias
265 767 309 832 ob
335 767 504 832 victoriam
526 782 730 860 reportatam
756 763 870 858 epulas
885 764 979 832 dedit
996 761 1037 850 5),
1060 768 1094 832 in
1107 769 1191 860 Pry-

63 919 66 932 =
107 863 213 956 tanco
239 907 377 955 statuam
406 913 480 956 esse
513 908 644 970 narrat,
680 913 748 982 quo
782 889 928 969 honore,
965 914 1070 982 quum
1105 889 1188 961 nihil

107 1011 258 1105 amplius
297 1011 339 1078 de
372 1015 534 1080 victorum
568 1013 890 1082 Panathenaicorum
921 1015 1035 1079 statuis
1074 1031 1190 1086 notum

107 1137 173 1218 sit,
197 1161 267 1202 non
293 1135 563 1218 omnesallectos
589 1161 661 1204 esse
685 1137 894 1214 arbitramur,
920 1136 983 1202 etsi
1007 1137 1123 1228 pueris
1143 1137 1190 1200 vi-

63 1293 66 1300 =
108 1259 264 1326 dtoribus
293 1283 395 1328 coena
420 1262 488 1328 sive
512 1287 531 1326 a
556 1279 668 1352 patre,
696 1261 765 1328 sive
791 1260 832 1326 ab
859 1275 1004 1328 amatore
1029 1258 1191 1334 danesse

106 1381 252 1452 videtur.

547 1579 756 1592 ...n—..00⁸—

530 1774 771 1847 eArorJX.
826 1788 830 1798 ·
905 1733 912 1743 Χ

168 1975 175 1981 ’
211 1972 255 2040 Hi
281 1971 352 2042 ludi
385 1975 530 2068 gymnici
562 1975 715 2043 omnibus
747 1978 947 2068 antiquitatis
981 1975 1189 2072 temporibus

110 2121 245 2190 semper
278 2122 396 2191 magno
434 2121 510 2168 cum
548 2096 730 2190 splendore
767 2097 1044 2180 celebrabantur,
1084 2128 1190 2195 quum

108 2224 327 2315 praecipuam
348 2221 655 2302 Panathenaeorum
685 2217 939 2290 sollemnitatem
965 2222 1114 2292 effecisse
1141 2228 1190 2291 vi-

58 2387 62 2392 ·
111 2347 263 2417 deantur.
286 2333 440 2415 Attamen
458 2344 591 2438 quando
610 2345 731 2438 singuli
747 2345 819 2410 ludi
829 2348 976 2440 primum
991 2349 1094 2416 habiti
1114 2351 1190 2430 sint,

114 2483 355 2551 raro'tantum,
381 2488 417 2536 ut
443 2494 544 2562 supra
569 2468 729 2552 vidimus,
757 2468 889 2539 definiri
902 2491 1022 2566 potest
1057 2472 1193 2568 'Ludos

115 2611 286 2687 equestres
313 2611 346 2659 et
372 2575 503 2658 curules
530 2595 595 2696 iam
620 2595 857 2686 antiquissimis
882 2594 1089 2662 Athenarum
1108 2614 1196 2691 tenu:

113 2717 255 2812 poribus
273 2717 308 2781 in
321 2709 558 2784 Panathenaeis
586 2717 716 2787 habitos
737 2743 821 2799 esse,
847 2719 996 2787 Marmor
1009 2721 1140 2786 Parium
1165 2717 1191 2804 ¹)

114 2840 213 2908 nobis
240 2837 357 2920 tradit,
385 2862 451 2932 quo
478 2856 565 2908 teste¹
587 2840 824 2908 Erichthonius
850 2843 1021 2908 Minervae
1046 2841 1196 2910 Poliadis

78 2970 83 2987 '
114 2962 225 3042 filius,
249 2963 471 3031 Athenienses
501 2987 635 3034 currum
667 2965 761 3054 equis
797 2965 934 3057 iungere
965 2966 1095 3056 primus
1131 2965 1194 3032 do-

117 3087 204 3165 cuit,
220 3111 331 3180 ,quam
355 3111 427 3159 rem
454 3088 624 3152 Minervae
647 3079 712 3178 ipsi
738 3087 872 3154 attribui
896 3111 936 3154 cx
959 3086 1030 3156 aliis
1048 3071 1195 3180 scripto-

114 3235 191 3276 rum
216 3207 298 3296 locis
326 3187 463 3278 constat.
515 3208 585 3276 Sed
616 3233 685 3277 non
717 3209 825 3277 solum
854 3209 926 3276 ludi
963 3209 1094 3278 curules
1127 3213 1194 3280 iam

116 3333 354 3426 antiquissimis
381 3335 477 3400 buius
504 3335 578 3402 sesti
604 3309 811 3426 temporibus
827 3333 1052 3416 habebantur,
1078 3360 1193 3401 verum

119 3458 219 3522 etiam
245 3474 416 3549 equestres
439 3481 507 3524 non
532 3475 648 3548 postea
666 3457 800 3524 demum
825 3459 967 3524 instituti
984 3481 1054 3522 csse
1074 3456 1193 3524 viden-

117 3599 188 3660 tur,
214 3580 291 3672 quia
316 3579 407 3673 apud
432 3582 613 3646 Homerum
645 3558 860 3660 inter'ftudos
893 3583 928 3648 in
953 3580 1097 3680 Patrocli
1131 3583 1193 3658 hof
1257 3675 1258 3680 η

117 3729 235 3775 norem
261 3705 393 3770 habitos
411 3705 635 3773 inveniuntur.
687 3706 752 3789 Qui
777 3705 877 3798 igitur
889 3704 1031 3772 Periclis
1058 3704 1193 3772 demum

171 3971 198 4036 4)
217 3968 290 4018 Paos.
310 3966 354 4017 IX.
371 3969 414 4029 3²,
433 3968 456 4019 5.

171 4056 197 4124 5)
217 4051 339 4122 Xenopb.
358 4052 447 4120 Symp.
466 4050 524 4102 init.

174 4143 197 4210 t)
218 4139 266 4206 Ep.
290 4155 326 4189 ιο.
362 4139 527 4208 Scriptorum
547 4139 619 4191 loros
641 4137 733 4191 attulit
752 4137 780 4191 in
801 4138 869 4193 hauc
890 4155 944 4193 rem
965 4135 1115 4193 Boerlthius
1134 4139 1160 4192 C.
1174 4139 1192 4191 1.

221 4227 281 4278 Vol.
299 4227 330 4278 ll.
349 4244 374 4297 p.
398 4225 457 4281 312.
