2906 4882
538 443 781 514 ...69-

112 641 315 734 plerumque
341 637 471 721 stellae,
509 624 618 709 lineae
644 642 697 710 vel
730 637 902 707 maeandri
935 660 1127 709 ornamenta
1152 642 1204 707 in-

112 781 203 830 texta
228 779 313 830 sunt
364 765 464 858 Aegis
503 787 612 835 autem
643 767 774 832 tunicae
811 765 930 831 iniecta
956 789 1090 858 semper
1115 782 1206 833 caret

111 875 278 952 Medusae
304 888 423 980 capite,
450 891 544 984 quod
569 892 605 956 in
624 890 778 957 omnibus
805 887 875 954 scre
902 888 1206 980 antiquissimorum

111 1010 286 1076 Minervae
312 991 566 1080 simulacrorum
599 1014 822 1107 conspicitur,
860 1013 905 1079 ita
937 1030 974 1079 ut
1014 1011 1076 1078 dea
1101 1016 1208 1079 Pana-

111 1132 267 1200 thenaica
292 1135 388 1226 quasi
420 1137 579 1204 vetustior
604 1137 663 1216 sit,
702 1159 802 1227 quam
841 1133 899 1200 illa
933 1160 1018 1227 quae
1044 1135 1206 1203 Medusae

111 1273 214 1348 caput
238 1257 276 1321 in
301 1257 452 1350 aegidem
477 1261 543 1326 iam
567 1259 705 1351 recepit.
768 1257 888 1323 Manus
926 1255 1042 1324 dextra
1076 1239 1209 1324 sublata

111 1377 221 1444 vibrat
246 1378 392 1463 hastam,
419 1405 504 1474 quae
529 1405 714 1474 res=quum
739 1380 775 1445 in
801 1379 955 1447 omnibus
980 1381 1077 1447 huius
1104 1405 1206 1476 gene-

113 1501 159 1566 ris
186 1503 271 1568 vasis
308 1499 481 1587 occurrat,
522 1504 617 1598 quasi
651 1505 878 1598 gravissimum
902 1503 1074 1570 Minervae
1101 1505 1206 1569 Pana-

112 1623 286 1692 thenaioae
327 1627 457 1718 signum
492 1652 563 1694 esse
589 1624 739 1710 videtur3
774 1626 906 1692 sinistra
944 1643 1054 1691 autem
1090 1649 1205 1691 manus

113 1753 207 1812 tenet
233 1744 390 1838 clypeum
414 1748 606 1840 ingentem,
649 1747 707 1841 qui
748 1747 813 1814 hoc
846 1747 1042 1813 bracchium
1067 1771 1206 1840 prorsus

113 1869 249 1963 obtegit.
302 1869 403 1937 Cuius
431 1870 542 1965 clypei
567 1871 709 1964 insignia
736 1895 840 1964 quum
866 1887 933 1937 tam
957 1871 1148 1950 varia‘sint,
1168 1887 1207 1936 ut

112 2003 345 2056 raro'tantum
369 2016 473 2057 unum
505 1990 664 2084 idemque
699 1990 750 2056 bis
777 1992 980 2072 inveniatur,
1025 2010 1093 2058 tam
1118 1993 1209 2058 diffi-

113 2111 189 2178 cilia
228 2125 305 2179 sunt
339 2113 521 2216 explicatu,
565 2129 602 2177 ut
645 2111 846 2203 interpretes
891 2110 1000 2179 adhuc
1045 2114 1208 2196 nesciant,

113 2245 225 2302 ntroin
255 2235 297 2302 ad
322 2237 493 2302 Minervae
519 2235 586 2302 vim
612 2233 774 2327 aliquam,
813 2260 856 2299 an
888 2233 931 2300 ad
965 2233 1076 2300 lateris
1103 2235 1209 2301 aversi

113 2358 230 2424 ludum
256 2359 446 2454 gymnicum
471 2357 649 2424 referenda
670 2358 743 2422 sint.
795 2357 867 2422 Etsi
893 2358 982 2422 enim
1008 2383 1124 2450 eorum
1150 2384 1208 2425 ex-

114 2483 250 2576 plicatio
277 2480 447 2548 interdum
485 2481 658 2548 manifesta
684 2497 717 2546 et
741 2497 834 2548 recta
858 2478 966 2548 videri
990 2499 1120 2576 potest,
1164 2485 1209 2550 si-

114 2605 179 2670 cuti
203 2604 240 2668 in
264 2603 389 2668 musica
415 2602 473 2669 illa
499 2589 660 2696 amphora
685 2602 773 2669 infra
800 2605 1118 2688 commemoranda,
1155 2625 1205 2673 ta-

114 2754 191 2794 men
216 2727 328 2820 pictor
343 2751 507 2820 persaepe
534 2725 577 2790 ad
603 2726 777 2791 arbitrium
803 2727 907 2819 egisse
933 2725 1074 2810 videtur,
1103 2757 1207 2822 quum

112 2869 233 2946 quanta
252 2851 358 2916 'fucrit
381 2850 520 2916 varietas
547 2849 739 2940 signorum,
780 2851 900 2942 quibus
927 2847 1038 2941 clypei
1063 2851 1207 2918 militum

114 2978 321 3042 Graecorum
346 2971 492 3066 praediti
519 2989 631 3053 erant,
672 2972 746 3038 satis
772 2989 889 3040 notum
920 2972 973 3037 sit.
1034 2973 1210 3043 Minervae
1268 2965 1271 2972 Ι

115 3117 223 3166 autem
248 3098 509 3163 Panathenaicae
533 3095 684 3160 militaris
711 3096 824 3188 quasi,
850 3119 919 3162 non
944 3096 1031 3162 mitis
1058 3109 1090 3162 et
1115 3115 1206 3164 tran-

115 3221 218 3315 quilla
243 3239 360 3288 natura
386 3221 493 3303 inest3
517 3219 615 3284 huius
643 3219 732 3285 enim
756 3218 861 3312 peplo
887 3202 1011 3286 intexta
1037 3239 1107 3286 erat
1140 3247 1205 3313 pu-

115 3371 205 3437 gna,
253 3371 320 3437 qua
353 3344 511 3436 Gigantes
547 3343 658 3410 vincit
734 3345 889 3411 Forsitan
927 3344 1027 3436 igitur
1061 3345 1203 3426 miraris,

114 3469 206 3561 quod
242 3469 393 3534 Minerva
432 3465 565 3558 qualem
598 3492 673 3532 vasa
707 3467 948 3532 Panathenaica
972 3468 1070 3534 nobis
1104 3495 1203 3561 prae-

113 3591 209 3672 bent,
235 3590 435 3683 plerumque
461 3589 565 3684 peplo
591 3588 706 3655 induta
731 3612 801 3655 non
827 3606 876 3655 est
901 3586 964 3676 ¹³);
999 3591 1060 3657 sed
1083 3619 1202 3686 magna

126 3779 403 3796 m

800 3793 814 3822 0

128 3904 133 3920 .
212 3873 350 3924 Minervae
369 3880 458 3924 autern
478 3870 692 3926 Panathenaicus
710 3887 816 3941 semper
844 3871 983 3923 sinistrum
1004 3878 1110 3923 tantum
1129 3870 1202 3924 latus

210 3959 383 4028 conspicitur.
647 3947 649 3954 ’

152 4051 192 4118 ι3)
214 4046 341 4097 Laciniae
359 4047 465 4098 tantum
492 4045 567 4115 pepli
596 4029 802 4114 conspiciuntur
826 4044 855 4095 in
884 4043 1014 4113 amphora
1033 4043 1082 4094 illa
1102 4046 1204 4095 musica

210 4133 382 4185 collectionis
406 4133 577 4185 Dorovianae
608 4141 636 4183 et
661 4133 688 4182 in
718 4131 839 4201 gymnica
860 4131 1021 4193 Feolianae,
1046 4147 1116 4200 quae
1135 4149 1205 4186 nott·

212 4219 276 4275 dum
297 4221 370 4275 edita
391 4220 525 4276 Gerhardi
543 4219 712 4290 benignitate
731 4220 947 4291 inconspectum
965 4216 1032 4271 mihi
1051 4217 1135 4275 veuit.
1180 4216 1186 4230 ’
1252 4235 1256 4238 ·
