2906 4882
365 526 368 541 Ι
637 457 684 476 -
737 424 783 494 76
834 461 879 476 -

212 643 265 684 ras
291 612 441 684 eiusdem
465 640 573 709 paene
607 617 733 686 formae
758 619 879 688 hahet:
924 617 1183 690 ΑΘΕΝΕΘΕΝ
1212 641 1306 686 com-

211 756 373 808 mutatum
402 756 460 806 est.
510 732 599 828 Εἰμὶ
638 757 687 808 est
705 743 811 808 'enim
849 745 1030 828 omissum,
1072 744 1150 838 quia
1186 741 1310 808 artifici

178 855 184 859 ’
212 888 281 930 non
305 863 443 942 licebat,
477 863 665 956 praemium
696 863 833 955 publice
866 865 982 934 datum
1006 884 1041 934 et
1065 866 1160 960 quasi
1186 889 1311 932 conse-

213 1004 340 1054 cratum
369 986 413 1052 ita
443 985 582 1067 imitari,
621 1003 658 1052 ut
683 987 752 1054 eius
788 1011 872 1081 opus
908 1009 942 1058 et
973 990 1084 1084 ipsum
1118 989 1315 1083 praemium

213 1133 284 1174 esse
306 1107 484 1176 videretur.
535 1109 669 1178 Omisso
695 1127 805 1178 autem
834 1113 938 1181 verho
963 1109 1039 1203 εἰμὶ
1070 1129 1104 1180 et
1127 1105 1314 1190 Ἀθηνέων

210 1231 247 1296 in
273 1227 472 1310 'AStivttSov
499 1249 710 1314 commutato,
737 1234 838 1302 etiam
861 1261 937 1303 vasa
961 1237 998 1302 in
1016 1237 1149 1302 Etruria
1171 1236 1312 1300 inventa

210 1356 358 1445 speciem
384 1353 522 1448 quidem
547 1378 701 1422 vasorum
725 1358 877 1449 praemio
906 1356 1059 1426 datorum
1084 1383 1167 1451 prae
1193 1382 1232 1423 se
1259 1356 1316 1422 fes

210 1495 289 1543 runt
295 1527 305 1557 ,
331 1476 392 1543 scd
416 1478 499 1545 haec
525 1502 601 1545 vasa
626 1502 742 1546 revera
767 1481 919 1571 praemia
942 1505 1013 1548 non
1037 1480 1139 1547 fuisse
1165 1496 1313 1573 apparet

210 1625 251 1670 ox
283 1579 340 1681 tio,
374 1601 467 1694 quod
499 1596 629 1668 nultum
659 1627 737 1669 usus
767 1604 941 1695 vestigium
970 1603 1159 1672 ostendunt.
1215 1606 1312 1687 Quae

211 1725 423 1792 commutatio
462 1725 689 1816 inscriptionis
729 1723 912 1792 admodum
942 1727 1047 1793 faceta
1077 1744 1179 1820 atque
1213 1727 1313 1818 inge·

210 1849 303 1914 niosa
330 1865 419 1927 erat,
460 1872 539 1914 nam
572 1846 690 1915 literae
722 1849 902 1915 verborum
938 1847 1041 1917 TON
1071 1868 1105 1916 et
1129 1847 1312 1917 ΑΘΛΟΝ

212 1996 298 2063 quac
330 1972 368 2038 in
401 1995 477 2038 vase
501 1971 719 2063 ¹Bttrgoniano
753 1971 984 2065 coniungenda
1015 1998 1084 2041 non
1115 1999 1189 2070 esse
1220 1973 1311 2040 vidi-

210 2119 299 2174 mus,
324 2118 461 2186 prorsus
487 2095 612 2162 servari
637 2109 811 2187 poterant,
849 2095 910 2162 sed
935 2097 994 2176 ita,
1019 2113 1057 2162 ut
1080 2098 1205 2164 horum
1231 2121 1311 2164 sen-

211 2241 265 2283 sus
291 2216 392 2310 plane
416 2216 499 2283 alius
533 2217 638 2284 fieret
696 2219 829 2286 Etenim
862 2244 967 2311 quum
1000 2219 1066 2286 iam
1099 2220 1312 2286 scriberetur

210 2339 313 2408 ΤΟΝ
343 2338 605 2409 ΑΘΕΝΕΘΕΝ
639 2339 831 2421 ΑΘΛΟΝ,
872 2341 1048 2408 articulum
1080 2360 1113 2410 et
1149 2344 1311 2409 snbstan-

211 2464 314 2532 tivum
337 2465 383 2529 ita
409 2464 614 2557 iungendum
640 2489 711 2532 esse
735 2465 947 2532 manifestum
973 2483 1040 2546 cst,
1065 2483 1102 2530 nt
1125 2465 1307 2560 inscriptio

158 2633 162 2647 ι
212 2589 261 2656 sic
287 2587 485 2680 explicanda
509 2589 571 2654 sit:
607 2612 652 2655 er
672 2589 828 2680 praemiis
856 2612 941 2680 quae
967 2589 1108 2654 Athenis
1132 2606 1310 2683 reportata
1381 2605 1387 2613 '

213 2730 308 2806 suny,
333 2712 386 2780 vel
405 2709 534 2806 potios:
552 2737 647 2805 ‘quae
671 2714 812 2779 Athenis
826 2713 979 2780 'veniunt

313 2839 404 2920 Quae
427 2861 531 2930 quum
553 2836 599 2902 ita
625 2837 709 2916 sint,
746 2838 831 2904 haee
854 2835 1111 2928 inscriptionum
1144 2836 1309 2905 differen-

213 2961 258 3030 tia
283 2959 328 3028 ad
360 2962 587 3053 quaestionem
618 2958 711 3025 illam
741 2956 784 3026 de
816 2958 943 3050 origine
976 2983 1128 3025 vasorum
1154 2961 1309 3029 Volcen-

214 3081 297 3150 tiurri
322 3083 566 3174 expediendam
583 3081 712 3176 aliquid
730 3081 883 3149 conferre
901 3080 1041 3148 videtur.
1092 3079 1179 3148 Nam
1198 3111 1307 3177 quum

214 3208 303 3274 inter
326 3208 503 3300 amphoras
522 3207 558 3271 in
572 3207 706 3272 Etruria
730 3203 862 3276 effossas
885 3203 977 3270 nulla
1000 3184 1198 3288 inveniatur,
1218 3228 1308 3301 quae

213 3331 468 3423 inscriptionem
504 3329 626 3422 haheat
661 3329 733 3395 τῶν
758 3319 936 3405 Ἀθηνέων
962 3317 1084 3395 ἆθλόν
1106 3327 1206 3417 εἰμι,
1251 3353 1308 3395 eas

214 3479 326 3548 neque
350 3452 489 3520 Athenis
510 3451 611 3519 factas
640 3474 751 3543 neque
784 3447 820 3515 in
844 3449 970 3516 Italiam
991 3451 1202 3541 importatas,
1244 3452 1309 3519 sed

211 3579 249 3644 in
273 3577 345 3670 ipsa
370 3576 503 3643 Etruria
528 3575 569 3641 ab
596 3573 777 3641 artificibus
790 3572 926 3639 Graecis
951 3570 995 3637 ad
1015 3573 1184 3664 exemplar
1198 3574 1309 3641 Athe-

214 3701 330 3768 niense
366 3701 486 3766 effictas
523 3698 740 3790 depictasque
777 3721 847 3762 esse
886 3695 956 3762 veri
994 3693 1199 3761 simillimum
1237 3716 1308 3781 cst3

217 3848 302 3916 quae
327 3847 380 3888 res
404 3824 501 3888 etiam.
528 3845 566 3887 eo
595 3820 820 3898 confirmatur,
848 3818 941 3911 quod
959 3817 1097 3883 Athenis
1123 3817 1215 3882 nutla
1243 3819 1308 3885 ad-

215 3947 281 4013 huc
300 3947 460 4037 amphora
473 3946 719 4010 fl’anathenaica
742 3945 873 4009 inventa
900 3957 958 4022 cst,
985 3965 1069 4034 quae
1094 3939 1177 4006 haec
1199 3943 1307 4008 verba

216 4067 346 4138 offerat:
371 4068 443 4136 τῶν
468 4062 669 4146 Ἀθήνηθεν
695 4054 831 4132 ἄθλων.

329 4194 509 4286 Denique,
553 4191 748 4283 priusquam
789 4185 831 4252 ad
869 4188 958 4277 ipsos
994 4184 1091 4251 ludos
1130 4186 1311 4276 gymnicos
