<?xml version="1.0" encoding="UTF-8"?>
<!DOCTYPE html PUBLIC "-//W3C//DTD XHTML 1.0 Transitional//EN"
    "http://www.w3.org/TR/xhtml1/DTD/xhtml1-transitional.dtd">
<html xmlns="http://www.w3.org/1999/xhtml" xml:lang="en" lang="en">
 <head>
  <title>
</title>
<meta http-equiv="Content-Type" content="text/html;charset=utf-8" />
  <meta name='ocr-system' content='tesseract 3.04.00' />
  <meta name='ocr-capabilities' content='ocr_page ocr_carea ocr_par ocr_line ocrx_word'/>
</head>
<body>
  <div class='ocr_page' id='page_1' title='image "./panathenaica01muelgoog_0043.png"; bbox 0 0 2920 4868; ppageno 0'>
   <div class='ocr_carea' id='block_1_1' title="bbox 626 437 870 504">
    <p class='ocr_par' dir='ltr' id='par_1_1' title="bbox 626 437 870 504">
     <span class='ocr_line' id='line_1_1' title="bbox 626 437 870 504; baseline 0 -24"><span class='ocrx_word' id='word_1_1' title='bbox 626 437 870 504; x_wconf 63' lang='lat'>...30-</span> 
     </span>
    </p>
   </div>
   <div class='ocr_carea' id='block_1_2' title="bbox 209 627 1294 852">
    <p class='ocr_par' dir='ltr' id='par_1_2' title="bbox 209 627 1294 852">
     <span class='ocr_line' id='line_1_2' title="bbox 211 627 1294 722; baseline -0.008 -21"><span class='ocrx_word' id='word_1_2' title='bbox 211 629 543 702; x_wconf 60' lang='lat' dir='ltr'><strong>navarraearum</strong></span> <span class='ocrx_word' id='word_1_3' title='bbox 569 631 635 722; x_wconf 90' lang='lat' dir='ltr'><strong>ipsi</strong></span> <span class='ocrx_word' id='word_1_4' title='bbox 662 630 852 722; x_wconf 88' lang='lat' dir='ltr'><strong>praeposita</strong></span> <span class='ocrx_word' id='word_1_5' title='bbox 878 631 936 708; x_wconf 88' lang='lat' dir='ltr'><strong>sit,</strong></span> <span class='ocrx_word' id='word_1_6' title='bbox 972 627 1065 721; x_wconf 87' lang='lat' dir='ltr'><strong>quod</strong></span> <span class='ocrx_word' id='word_1_7' title='bbox 1089 628 1217 694; x_wconf 88' lang='lat' dir='ltr'><strong>Atticae</strong></span> <span class='ocrx_word' id='word_1_8' title='bbox 1242 629 1294 693; x_wconf 87' lang='lat' dir='ltr'><strong>in-</strong></span> 
     </span>
     <span class='ocr_line' id='line_1_3' title="bbox 209 748 1294 852; baseline -0.006 -30"><span class='ocrx_word' id='word_1_9' title='bbox 209 753 301 822; x_wconf 86' lang='lat' dir='ltr'><strong>colae</strong></span> <span class='ocrx_word' id='word_1_10' title='bbox 327 756 392 819; x_wconf 89' lang='lat' dir='ltr'><strong>iam</strong></span> <span class='ocrx_word' id='word_1_11' title='bbox 417 773 517 820; x_wconf 72' lang='lat' dir='ltr'><strong>atnam</strong></span> <span class='ocrx_word' id='word_1_12' title='bbox 542 753 706 852; x_wconf 82' lang='lat' dir='ltr'><strong>civitatem</strong></span> <span class='ocrx_word' id='word_1_13' title='bbox 732 754 801 819; x_wconf 85' lang='lat' dir='ltr'><strong>sive</strong></span> <span class='ocrx_word' id='word_1_14' title='bbox 825 748 946 820; x_wconf 80' lang='grc' dir='ltr'><strong><em>κοινόν</em></strong></span> <span class='ocrx_word' id='word_1_15' title='bbox 969 771 1008 817; x_wconf 85' lang='grc' dir='ltr'><strong>τι</strong></span> <span class='ocrx_word' id='word_1_16' title='bbox 1034 751 1177 819; x_wconf 84' lang='lat' dir='ltr'><strong>formare</strong></span> <span class='ocrx_word' id='word_1_17' title='bbox 1207 753 1294 817; x_wconf 91' lang='lat' dir='ltr'><strong>inci-</strong></span> 
     </span>
    </p>
   </div>
   <div class='ocr_carea' id='block_1_3' title="bbox 209 873 1295 972">
    <p class='ocr_par' dir='ltr' id='par_1_3' title="bbox 209 873 1295 972">
     <span class='ocr_line' id='line_1_4' title="bbox 209 873 1295 972; baseline -0.004 -28"><span class='ocrx_word' id='word_1_18' title='bbox 209 878 367 972; x_wconf 82' lang='lat' dir='ltr'><strong>piebant,</strong></span> <span class='ocrx_word' id='word_1_19' title='bbox 390 901 515 942; x_wconf 88' lang='lat' dir='ltr'><strong>nomen</strong></span> <span class='ocrx_word' id='word_1_20' title='bbox 539 894 649 942; x_wconf 87' lang='lat' dir='ltr'><strong>tamea</strong></span> <span class='ocrx_word' id='word_1_21' title='bbox 674 876 749 944; x_wconf 78' lang='lat' dir='ltr'><strong>sesti</strong></span> <span class='ocrx_word' id='word_1_22' title='bbox 774 899 851 943; x_wconf 88' lang='lat' dir='ltr'><strong>cum</strong></span> <span class='ocrx_word' id='word_1_23' title='bbox 878 877 941 942; x_wconf 87' lang='lat' dir='ltr'><strong>hac</strong></span> <span class='ocrx_word' id='word_1_24' title='bbox 966 873 1184 944; x_wconf 85' lang='lat' dir='ltr'><strong>collectorum</strong></span> <span class='ocrx_word' id='word_1_25' title='bbox 1208 877 1295 941; x_wconf 86' lang='lat' dir='ltr'><strong>Atti-</strong></span> 
     </span>
    </p>
   </div>
   <div class='ocr_carea' id='block_1_4' title="bbox 209 998 1335 4307">
    <p class='ocr_par' dir='ltr' id='par_1_4' title="bbox 209 998 1335 4307">
     <span class='ocr_line' id='line_1_5' title="bbox 209 998 1295 1094; baseline -0.005 -24"><span class='ocrx_word' id='word_1_26' title='bbox 209 1027 327 1070; x_wconf 86' lang='lat' dir='ltr'><strong>corum</strong></span> <span class='ocrx_word' id='word_1_27' title='bbox 352 1002 540 1068; x_wconf 80' lang='lat' dir='ltr'><strong>narratione</strong></span> <span class='ocrx_word' id='word_1_28' title='bbox 576 1001 845 1094; x_wconf 81' lang='lat' dir='ltr'><strong>coniungendam</strong></span> <span class='ocrx_word' id='word_1_29' title='bbox 869 1023 939 1069; x_wconf 91' lang='lat' dir='ltr'><strong>non</strong></span> <span class='ocrx_word' id='word_1_30' title='bbox 966 1017 1031 1083; x_wconf 89' lang='lat' dir='ltr'><strong>est,</strong></span> <span class='ocrx_word' id='word_1_31' title='bbox 1070 998 1131 1067; x_wconf 89' lang='lat' dir='ltr'><strong>sed</strong></span> <span class='ocrx_word' id='word_1_32' title='bbox 1162 1023 1217 1066; x_wconf 88' lang='lat' dir='ltr'><strong>res</strong></span> <span class='ocrx_word' id='word_1_33' title='bbox 1250 1001 1295 1065; x_wconf 89' lang='lat' dir='ltr'><strong>ita</strong></span> 
     </span>
     <span class='ocr_line' id='line_1_6' title="bbox 211 1118 1293 1219; baseline -0.004 -27"><span class='ocrx_word' id='word_1_34' title='bbox 211 1123 376 1219; x_wconf 83' lang='lat' dir='ltr'><strong>capienda</strong></span> <span class='ocrx_word' id='word_1_35' title='bbox 401 1147 472 1191; x_wconf 81' lang='lat' dir='ltr'><strong>esse</strong></span> <span class='ocrx_word' id='word_1_36' title='bbox 496 1123 650 1206; x_wconf 86' lang='lat' dir='ltr'><strong>videtur,</strong></span> <span class='ocrx_word' id='word_1_37' title='bbox 678 1140 730 1205; x_wconf 87' lang='lat' dir='ltr'><strong>ttt,</strong></span> <span class='ocrx_word' id='word_1_38' title='bbox 763 1148 867 1217; x_wconf 89' lang='lat' dir='ltr'><strong>quum</strong></span> <span class='ocrx_word' id='word_1_39' title='bbox 899 1118 979 1190; x_wconf 87' lang='lat' dir='ltr'><strong>inde</strong></span> <span class='ocrx_word' id='word_1_40' title='bbox 1006 1124 1048 1189; x_wconf 89' lang='lat' dir='ltr'><strong>ab</strong></span> <span class='ocrx_word' id='word_1_41' title='bbox 1072 1123 1293 1189; x_wconf 83' lang='lat' dir='ltr'><strong>Erichthonio</strong></span> 
     </span>
     <span class='ocr_line' id='line_1_7' title="bbox 209 1244 1295 1340; baseline -0.004 -26"><span class='ocrx_word' id='word_1_42' title='bbox 209 1271 316 1340; x_wconf 87' lang='lat' dir='ltr'><strong>usqne</strong></span> <span class='ocrx_word' id='word_1_43' title='bbox 343 1244 388 1313; x_wconf 84' lang='lat' dir='ltr'><strong>ad</strong></span> <span class='ocrx_word' id='word_1_44' title='bbox 412 1246 582 1312; x_wconf 80' lang='lat' dir='ltr'><strong>Theseum</strong></span> <span class='ocrx_word' id='word_1_45' title='bbox 605 1265 720 1336; x_wconf 82' lang='lat' dir='ltr'><strong>regem</strong></span> <span class='ocrx_word' id='word_1_46' title='bbox 747 1279 798 1301; x_wconf 61' lang='grc' dir='ltr'><strong>-ι</strong></span> <span class='ocrx_word' id='word_1_47' title='bbox 828 1244 923 1338; x_wconf 87' lang='lat' dir='ltr'><strong>quod</strong></span> <span class='ocrx_word' id='word_1_48' title='bbox 960 1249 1102 1337; x_wconf 85' lang='lat' dir='ltr'><strong>spatium</strong></span> <span class='ocrx_word' id='word_1_49' title='bbox 1135 1247 1295 1339; x_wconf 83' lang='lat' dir='ltr'><strong>temporis</strong></span> 
     </span>
     <span class='ocr_line' id='line_1_8' title="bbox 209 1366 1294 1462; baseline -0.003 -25"><span class='ocrx_word' id='word_1_50' title='bbox 209 1372 272 1437; x_wconf 83' lang='lat' dir='ltr'><strong>etsi</strong></span> <span class='ocrx_word' id='word_1_51' title='bbox 296 1369 364 1437; x_wconf 85' lang='lat' dir='ltr'><strong>duo</strong></span> <span class='ocrx_word' id='word_1_52' title='bbox 386 1369 517 1436; x_wconf 82' lang='lat' dir='ltr'><strong>saecula</strong></span> <span class='ocrx_word' id='word_1_53' title='bbox 543 1387 576 1436; x_wconf 89' lang='lat' dir='ltr'><strong>et</strong></span> <span class='ocrx_word' id='word_1_54' title='bbox 609 1366 786 1434; x_wconf 89' lang='lat' dir='ltr'><strong>dimidium</strong></span> <span class='ocrx_word' id='word_1_55' title='bbox 808 1391 877 1436; x_wconf 87' lang='lat' dir='ltr'><strong>non</strong></span> <span class='ocrx_word' id='word_1_56' title='bbox 911 1369 1161 1462; x_wconf 80' lang='lat' dir='ltr'><strong>complectitur,</strong></span> <span class='ocrx_word' id='word_1_57' title='bbox 1200 1367 1294 1460; x_wconf 90' lang='lat' dir='ltr'><strong>quod</strong></span> 
     </span>
     <span class='ocr_line' id='line_1_9' title="bbox 209 1491 1294 1588; baseline -0.004 -27"><span class='ocrx_word' id='word_1_58' title='bbox 209 1494 332 1561; x_wconf 76' lang='lat' dir='ltr'><strong>Marm-</strong></span> <span class='ocrx_word' id='word_1_59' title='bbox 357 1493 434 1562; x_wconf 85' lang='lat' dir='ltr'><strong>Par.</strong></span> <span class='ocrx_word' id='word_1_60' title='bbox 459 1491 578 1573; x_wconf 85' lang='lat' dir='ltr'><strong>tradit,</strong></span> <span class='ocrx_word' id='word_1_61' title='bbox 617 1510 727 1560; x_wconf 72' lang='lat' dir='ltr'><strong>umen</strong></span> <span class='ocrx_word' id='word_1_62' title='bbox 752 1516 821 1561; x_wconf 91' lang='lat' dir='ltr'><strong>non</strong></span> <span class='ocrx_word' id='word_1_63' title='bbox 846 1495 891 1559; x_wconf 91' lang='lat' dir='ltr'><strong>ita</strong></span> <span class='ocrx_word' id='word_1_64' title='bbox 916 1497 1069 1588; x_wconf 81' lang='lat' dir='ltr'><strong>exiguum</strong></span> <span class='ocrx_word' id='word_1_65' title='bbox 1093 1512 1143 1559; x_wconf 87' lang='lat' dir='ltr'><strong>est</strong></span> <span class='ocrx_word' id='word_1_66' title='bbox 1166 1527 1216 1542; x_wconf 98' lang='lat'>-</span> <span class='ocrx_word' id='word_1_67' title='bbox 1241 1491 1294 1558; x_wconf 88' lang='lat' dir='ltr'><strong>vel</strong></span> 
     </span>
     <span class='ocr_line' id='line_1_10' title="bbox 210 1616 1296 1711; baseline -0.001 -27"><span class='ocrx_word' id='word_1_68' title='bbox 210 1620 247 1684; x_wconf 87' lang='lat' dir='ltr'><strong>in</strong></span> <span class='ocrx_word' id='word_1_69' title='bbox 271 1617 424 1684; x_wconf 87' lang='lat' dir='ltr'><strong>omnibus</strong></span> <span class='ocrx_word' id='word_1_70' title='bbox 454 1618 582 1684; x_wconf 82' lang='lat' dir='ltr'><strong>Atticae</strong></span> <span class='ocrx_word' id='word_1_71' title='bbox 617 1618 712 1710; x_wconf 77' lang='lat' dir='ltr'><strong>pagis</strong></span> <span class='ocrx_word' id='word_1_72' title='bbox 742 1617 890 1711; x_wconf 87' lang='lat' dir='ltr'><strong>vicisque</strong></span> <span class='ocrx_word' id='word_1_73' title='bbox 921 1619 1090 1684; x_wconf 77' lang='lat' dir='ltr'><strong>Athenaeo</strong></span> <span class='ocrx_word' id='word_1_74' title='bbox 1129 1616 1296 1684; x_wconf 83' lang='lat' dir='ltr'><strong>celebrata</strong></span> 
     </span>
     <span class='ocr_line' id='line_1_11' title="bbox 211 1733 1298 1834; baseline 0.002 -27"><span class='ocrx_word' id='word_1_75' title='bbox 211 1759 344 1823; x_wconf 88' lang='lat' dir='ltr'><strong>essent,</strong></span> <span class='ocrx_word' id='word_1_76' title='bbox 368 1740 421 1809; x_wconf 82' lang='lat' dir='ltr'><strong>vel</strong></span> <span class='ocrx_word' id='word_1_77' title='bbox 444 1742 479 1806; x_wconf 89' lang='lat' dir='ltr'><strong>iu</strong></span> <span class='ocrx_word' id='word_1_78' title='bbox 505 1763 545 1808; x_wconf 90' lang='lat' dir='ltr'><strong>eo</strong></span> <span class='ocrx_word' id='word_1_79' title='bbox 567 1739 675 1808; x_wconf 92' lang='lat' dir='ltr'><strong>solum</strong></span> <span class='ocrx_word' id='word_1_80' title='bbox 697 1738 756 1834; x_wconf 84' lang='lat' dir='ltr'><strong>qui</strong></span> <span class='ocrx_word' id='word_1_81' title='bbox 780 1760 897 1834; x_wconf 85' lang='lat' dir='ltr'><strong>postea</strong></span> <span class='ocrx_word' id='word_1_82' title='bbox 918 1733 1018 1808; x_wconf 80' lang='grc' dir='ltr'><strong><em>ἄστυ</em></strong></span> <span class='ocrx_word' id='word_1_83' title='bbox 1042 1742 1206 1826; x_wconf 82' lang='lat' dir='ltr'><strong>formavit,</strong></span> <span class='ocrx_word' id='word_1_84' title='bbox 1232 1740 1298 1809; x_wconf 90' lang='lat' dir='ltr'><strong>hoc</strong></span> 
     </span>
     <span class='ocr_line' id='line_1_12' title="bbox 210 1862 1297 1957; baseline -0.002 -25"><span class='ocrx_word' id='word_1_85' title='bbox 210 1864 285 1932; x_wconf 82' lang='lat' dir='ltr'><strong>festi</strong></span> <span class='ocrx_word' id='word_1_86' title='bbox 306 1889 430 1932; x_wconf 88' lang='lat' dir='ltr'><strong>nomen</strong></span> <span class='ocrx_word' id='word_1_87' title='bbox 455 1865 581 1932; x_wconf 83' lang='lat' dir='ltr'><strong>Thesei</strong></span> <span class='ocrx_word' id='word_1_88' title='bbox 614 1883 766 1957; x_wconf 82' lang='lat' dir='ltr'><strong>tempore</strong></span> <span class='ocrx_word' id='word_1_89' title='bbox 800 1868 837 1931; x_wconf 85' lang='lat' dir='ltr'><strong>in</strong></span> <span class='ocrx_word' id='word_1_90' title='bbox 861 1862 1111 1944; x_wconf 57' lang='grc' dir='ltr'><strong><em>Παναθήναια</em></strong></span> <span class='ocrx_word' id='word_1_91' title='bbox 1147 1890 1297 1933; x_wconf 87' lang='lat' dir='ltr'><strong>commu-</strong></span> 
     </span>
     <span class='ocr_line' id='line_1_13' title="bbox 210 1985 1297 2082; baseline -0.002 -26"><span class='ocrx_word' id='word_1_92' title='bbox 210 2007 315 2056; x_wconf 85' lang='lat' dir='ltr'><strong>tatum</strong></span> <span class='ocrx_word' id='word_1_93' title='bbox 330 1991 392 2071; x_wconf 90' lang='lat' dir='ltr'><strong>sit,</strong></span> <span class='ocrx_word' id='word_1_94' title='bbox 426 1985 559 2082; x_wconf 89' lang='lat' dir='ltr'><strong>quade</strong></span> <span class='ocrx_word' id='word_1_95' title='bbox 586 2011 699 2056; x_wconf 88' lang='lat' dir='ltr'><strong>caussa</strong></span> <span class='ocrx_word' id='word_1_96' title='bbox 732 1987 847 2056; x_wconf 78' lang='lat' dir='ltr'><strong>ultinm</strong></span> <span class='ocrx_word' id='word_1_97' title='bbox 871 1989 1040 2055; x_wconf 80' lang='lat' dir='ltr'><strong>Plutarchi</strong></span> <span class='ocrx_word' id='word_1_98' title='bbox 1076 1989 1177 2056; x_wconf 88' lang='lat' dir='ltr'><strong>verba</strong></span> <span class='ocrx_word' id='word_1_99' title='bbox 1202 1991 1297 2082; x_wconf 90' lang='lat' dir='ltr'><strong>qnasi</strong></span> 
     </span>
     <span class='ocr_line' id='line_1_14' title="bbox 209 2110 1296 2206; baseline -0.002 -26"><span class='ocrx_word' id='word_1_100' title='bbox 209 2137 274 2206; x_wconf 88' lang='lat' dir='ltr'><strong>per</strong></span> <span class='ocrx_word' id='word_1_101' title='bbox 294 2110 469 2205; x_wconf 84' lang='lat' dir='ltr'><strong>prolepsin</strong></span> <span class='ocrx_word' id='word_1_102' title='bbox 494 2110 583 2180; x_wconf 89' lang='lat' dir='ltr'><strong>dieta</strong></span> <span class='ocrx_word' id='word_1_103' title='bbox 608 2131 700 2194; x_wconf 89' lang='lat' dir='ltr'><strong>sunt,</strong></span> <span class='ocrx_word' id='word_1_104' title='bbox 738 2137 842 2206; x_wconf 88' lang='lat' dir='ltr'><strong>quum</strong></span> <span class='ocrx_word' id='word_1_105' title='bbox 866 2111 950 2179; x_wconf 88' lang='lat' dir='ltr'><strong>illud</strong></span> <span class='ocrx_word' id='word_1_106' title='bbox 982 2112 1102 2180; x_wconf 80' lang='lat' dir='ltr'><strong>festum</strong></span> <span class='ocrx_word' id='word_1_107' title='bbox 1129 2113 1192 2180; x_wconf 88' lang='lat' dir='ltr'><strong>hae</strong></span> <span class='ocrx_word' id='word_1_108' title='bbox 1223 2115 1296 2206; x_wconf 85' lang='lat' dir='ltr'><strong>ipsa</strong></span> 
     </span>
     <span class='ocr_line' id='line_1_15' title="bbox 209 2235 1297 2330; baseline -0.002 -26"><span class='ocrx_word' id='word_1_109' title='bbox 209 2256 337 2304; x_wconf 87' lang='lat' dir='ltr'><strong>tantum</strong></span> <span class='ocrx_word' id='word_1_110' title='bbox 356 2263 412 2320; x_wconf 90' lang='lat' dir='ltr'><strong>re,</strong></span> <span class='ocrx_word' id='word_1_111' title='bbox 449 2235 543 2330; x_wconf 87' lang='lat' dir='ltr'><strong>quotl</strong></span> <span class='ocrx_word' id='word_1_112' title='bbox 574 2259 749 2303; x_wconf 85' lang='lat' dir='ltr'><strong>commune</strong></span> <span class='ocrx_word' id='word_1_113' title='bbox 775 2261 905 2304; x_wconf 89' lang='lat' dir='ltr'><strong>sacrum</strong></span> <span class='ocrx_word' id='word_1_114' title='bbox 941 2237 1061 2318; x_wconf 87' lang='lat' dir='ltr'><strong>fiebat,</strong></span> <span class='ocrx_word' id='word_1_115' title='bbox 1095 2236 1197 2304; x_wconf 79' lang='grc' dir='ltr'><strong>Παν</strong></span> <span class='ocrx_word' id='word_1_116' title='bbox 1207 2235 1297 2316; x_wconf 56' lang='lat' dir='ltr'><strong>othri-</strong></span> 
     </span>
     <span class='ocr_line' id='line_1_16' title="bbox 209 2360 1297 2453; baseline -0.002 -23"><span class='ocrx_word' id='word_1_117' title='bbox 209 2381 300 2430; x_wconf 76' lang='grc' dir='ltr'><strong><em>ναια</em></strong></span> <span class='ocrx_word' id='word_1_118' title='bbox 324 2361 448 2430; x_wconf 81' lang='lat' dir='ltr'><strong>factum</strong></span> <span class='ocrx_word' id='word_1_119' title='bbox 470 2362 520 2428; x_wconf 85' lang='lat' dir='ltr'><strong>sit</strong></span> <span class='ocrx_word' id='word_1_120' title='bbox 569 2361 620 2428; x_wconf 83' lang='lat' dir='ltr'><strong>Ex</strong></span> <span class='ocrx_word' id='word_1_121' title='bbox 646 2380 786 2453; x_wconf 89' lang='lat' dir='ltr'><strong>utraque</strong></span> <span class='ocrx_word' id='word_1_122' title='bbox 811 2380 920 2428; x_wconf 89' lang='lat' dir='ltr'><strong>autem</strong></span> <span class='ocrx_word' id='word_1_123' title='bbox 944 2360 1019 2428; x_wconf 82' lang='lat' dir='ltr'><strong>festi</strong></span> <span class='ocrx_word' id='word_1_124' title='bbox 1043 2363 1185 2428; x_wconf 85' lang='lat' dir='ltr'><strong>instituti</strong></span> <span class='ocrx_word' id='word_1_125' title='bbox 1219 2387 1297 2428; x_wconf 85' lang='lat' dir='ltr'><strong>nar-</strong></span> 
     </span>
     <span class='ocr_line' id='line_1_17' title="bbox 211 2482 1297 2580; baseline 0.001 -28"><span class='ocrx_word' id='word_1_126' title='bbox 211 2489 360 2567; x_wconf 87' lang='lat' dir='ltr'><strong>ratione,</strong></span> <span class='ocrx_word' id='word_1_127' title='bbox 386 2503 420 2551; x_wconf 89' lang='lat' dir='ltr'><strong>et</strong></span> <span class='ocrx_word' id='word_1_128' title='bbox 445 2509 485 2550; x_wconf 84' lang='lat' dir='ltr'><strong>cx</strong></span> <span class='ocrx_word' id='word_1_129' title='bbox 509 2482 566 2550; x_wconf 91' lang='lat' dir='ltr'><strong>illa</strong></span> <span class='ocrx_word' id='word_1_130' title='bbox 597 2509 683 2578; x_wconf 86' lang='lat' dir='ltr'><strong>quae</strong></span> <span class='ocrx_word' id='word_1_131' title='bbox 704 2485 960 2554; x_wconf 86' lang='lat' dir='ltr'><strong>Erichthonium</strong></span> <span class='ocrx_word' id='word_1_132' title='bbox 986 2488 1045 2580; x_wconf 89' lang='lat' dir='ltr'><strong>qui</strong></span> <span class='ocrx_word' id='word_1_133' title='bbox 1066 2504 1190 2553; x_wconf 89' lang='lat' dir='ltr'><strong>terram</strong></span> <span class='ocrx_word' id='word_1_134' title='bbox 1211 2487 1297 2553; x_wconf 82' lang='lat' dir='ltr'><strong>Atti·</strong></span> 
     </span>
     <span class='ocr_line' id='line_1_18' title="bbox 210 2606 1297 2703; baseline 0.003 -28"><span class='ocrx_word' id='word_1_135' title='bbox 210 2633 285 2675; x_wconf 87' lang='lat' dir='ltr'><strong>cam</strong></span> <span class='ocrx_word' id='word_1_136' title='bbox 311 2606 408 2688; x_wconf 87' lang='lat' dir='ltr'><strong>colit,</strong></span> <span class='ocrx_word' id='word_1_137' title='bbox 446 2625 479 2674; x_wconf 88' lang='lat' dir='ltr'><strong>et</strong></span> <span class='ocrx_word' id='word_1_138' title='bbox 504 2633 544 2674; x_wconf 84' lang='lat' dir='ltr'><strong>ex</strong></span> <span class='ocrx_word' id='word_1_139' title='bbox 565 2609 628 2674; x_wconf 88' lang='lat' dir='ltr'><strong>hac</strong></span> <span class='ocrx_word' id='word_1_140' title='bbox 661 2634 747 2702; x_wconf 86' lang='lat' dir='ltr'><strong>quae</strong></span> <span class='ocrx_word' id='word_1_141' title='bbox 771 2607 942 2675; x_wconf 86' lang='lat' dir='ltr'><strong>Theseum</strong></span> <span class='ocrx_word' id='word_1_142' title='bbox 976 2611 1034 2703; x_wconf 91' lang='lat' dir='ltr'><strong>qui</strong></span> <span class='ocrx_word' id='word_1_143' title='bbox 1059 2609 1135 2676; x_wconf 83' lang='lat' dir='ltr'><strong>urbi</strong></span> <span class='ocrx_word' id='word_1_144' title='bbox 1173 2635 1297 2678; x_wconf 89' lang='lat' dir='ltr'><strong>nomen</strong></span> 
     </span>
     <span class='ocr_line' id='line_1_19' title="bbox 211 2729 1295 2828; baseline 0.006 -32"><span class='ocrx_word' id='word_1_145' title='bbox 211 2729 326 2812; x_wconf 87' lang='lat' dir='ltr'><strong>dedit,</strong></span> <span class='ocrx_word' id='word_1_146' title='bbox 363 2747 513 2823; x_wconf 88' lang='lat' dir='ltr'><strong>spectat,</strong></span> <span class='ocrx_word' id='word_1_147' title='bbox 553 2734 649 2825; x_wconf 85' lang='lat' dir='ltr'><strong>sequi</strong></span> <span class='ocrx_word' id='word_1_148' title='bbox 673 2733 805 2802; x_wconf 81' lang='lat' dir='ltr'><strong>titlet&#39;ur</strong></span> <span class='ocrx_word' id='word_1_149' title='bbox 839 2757 1001 2828; x_wconf 83' lang='lat' dir='ltr'><strong>quaenam</strong></span> <span class='ocrx_word' id='word_1_150' title='bbox 1024 2735 1067 2801; x_wconf 91' lang='lat' dir='ltr'><strong>sit</strong></span> <span class='ocrx_word' id='word_1_151' title='bbox 1096 2757 1174 2802; x_wconf 88' lang='lat' dir='ltr'><strong>vera</strong></span> <span class='ocrx_word' id='word_1_152' title='bbox 1197 2737 1295 2802; x_wconf 86' lang='lat' dir='ltr'><strong>totius</strong></span> 
     </span>
     <span class='ocr_line' id='line_1_20' title="bbox 210 2852 1296 2948; baseline 0.003 -26"><span class='ocrx_word' id='word_1_153' title='bbox 210 2852 285 2922; x_wconf 84' lang='lat' dir='ltr'><strong>sesti</strong></span> <span class='ocrx_word' id='word_1_154' title='bbox 311 2855 359 2923; x_wconf 87' lang='lat' dir='ltr'><strong>vis</strong></span> <span class='ocrx_word' id='word_1_155' title='bbox 385 2872 484 2948; x_wconf 89' lang='lat' dir='ltr'><strong>atquc</strong></span> <span class='ocrx_word' id='word_1_156' title='bbox 520 2873 655 2936; x_wconf 86' lang='lat' dir='ltr'><strong>natura,</strong></span> <span class='ocrx_word' id='word_1_157' title='bbox 697 2859 758 2924; x_wconf 89' lang='lat' dir='ltr'><strong>etsi</strong></span> <span class='ocrx_word' id='word_1_158' title='bbox 791 2858 873 2925; x_wconf 87' lang='lat' dir='ltr'><strong>hacc</strong></span> <span class='ocrx_word' id='word_1_159' title='bbox 903 2861 1000 2926; x_wconf 86' lang='lat' dir='ltr'><strong>etiam</strong></span> <span class='ocrx_word' id='word_1_160' title='bbox 1038 2881 1078 2924; x_wconf 88' lang='lat' dir='ltr'><strong>ex</strong></span> <span class='ocrx_word' id='word_1_161' title='bbox 1110 2855 1150 2926; x_wconf 86' lang='lat' dir='ltr'><strong>iis</strong></span> <span class='ocrx_word' id='word_1_162' title='bbox 1184 2859 1296 2940; x_wconf 82' lang='lat' dir='ltr'><strong>rebus,</strong></span> 
     </span>
     <span class='ocr_line' id='line_1_21' title="bbox 212 2978 1298 3077; baseline 0.007 -34"><span class='ocrx_word' id='word_1_163' title='bbox 212 3003 299 3071; x_wconf 91' lang='lat' dir='ltr'><strong>quae</strong></span> <span class='ocrx_word' id='word_1_164' title='bbox 323 2979 455 3073; x_wconf 89' lang='lat' dir='ltr'><strong>inipso</strong></span> <span class='ocrx_word' id='word_1_165' title='bbox 480 2978 564 3048; x_wconf 82' lang='lat' dir='ltr'><strong>sesto</strong></span> <span class='ocrx_word' id='word_1_166' title='bbox 586 2979 785 3073; x_wconf 84' lang='lat' dir='ltr'><strong>agebantur,</strong></span> <span class='ocrx_word' id='word_1_167' title='bbox 825 2981 967 3074; x_wconf 85' lang='lat' dir='ltr'><strong>intelligi</strong></span> <span class='ocrx_word' id='word_1_168' title='bbox 988 2999 1118 3075; x_wconf 85' lang='lat' dir='ltr'><strong>potest,</strong></span> <span class='ocrx_word' id='word_1_169' title='bbox 1163 3009 1229 3077; x_wconf 88' lang='lat' dir='ltr'><strong>qua</strong></span> <span class='ocrx_word' id='word_1_170' title='bbox 1255 2983 1298 3051; x_wconf 90' lang='lat' dir='ltr'><strong>de</strong></span> 
     </span>
     <span class='ocr_line' id='line_1_22' title="bbox 213 3097 1298 3198; baseline 0.003 -28"><span class='ocrx_word' id='word_1_171' title='bbox 213 3097 328 3170; x_wconf 83' lang='lat' dir='ltr'><strong>caussa</strong></span> <span class='ocrx_word' id='word_1_172' title='bbox 368 3102 455 3169; x_wconf 79' lang='lat' dir='ltr'><strong>inira</strong></span> <span class='ocrx_word' id='word_1_173' title='bbox 495 3103 650 3197; x_wconf 87' lang='lat' dir='ltr'><strong>pluribus</strong></span> <span class='ocrx_word' id='word_1_174' title='bbox 684 3105 768 3173; x_wconf 89' lang='lat' dir='ltr'><strong>haec</strong></span> <span class='ocrx_word' id='word_1_175' title='bbox 800 3129 855 3172; x_wconf 90' lang='lat' dir='ltr'><strong>res</strong></span> <span class='ocrx_word' id='word_1_176' title='bbox 898 3123 1092 3198; x_wconf 82' lang='lat' dir='ltr'><strong>exponetur.</strong></span> <span class='ocrx_word' id='word_1_177' title='bbox 1142 3103 1298 3176; x_wconf 87' lang='lat' dir='ltr'><strong>Vidimus</strong></span> 
     </span>
     <span class='ocr_line' id='line_1_23' title="bbox 212 3225 1295 3322; baseline 0.004 -30"><span class='ocrx_word' id='word_1_178' title='bbox 212 3227 303 3293; x_wconf 87' lang='lat' dir='ltr'><strong>enim</strong></span> <span class='ocrx_word' id='word_1_179' title='bbox 327 3225 448 3294; x_wconf 82' lang='lat' dir='ltr'><strong>festum</strong></span> <span class='ocrx_word' id='word_1_180' title='bbox 468 3227 687 3296; x_wconf 88' lang='lat' dir='ltr'><strong>Erichthonio</strong></span> <span class='ocrx_word' id='word_1_181' title='bbox 713 3253 791 3322; x_wconf 83' lang='lat' dir='ltr'><strong>rege</strong></span> <span class='ocrx_word' id='word_1_182' title='bbox 822 3229 843 3294; x_wconf 89' lang='lat' dir='ltr'><strong>i.</strong></span> <span class='ocrx_word' id='word_1_183' title='bbox 870 3255 898 3296; x_wconf 86' lang='lat' dir='ltr'><strong>e.</strong></span> <span class='ocrx_word' id='word_1_184' title='bbox 921 3248 996 3296; x_wconf 88' lang='lat' dir='ltr'><strong>ante</strong></span> <span class='ocrx_word' id='word_1_185' title='bbox 1027 3229 1199 3298; x_wconf 85' lang='lat' dir='ltr'><strong>Theseum</strong></span> <span class='ocrx_word' id='word_1_186' title='bbox 1226 3249 1295 3297; x_wconf 89' lang='lat' dir='ltr'><strong>ter-</strong></span> 
     </span>
     <span class='ocr_line' id='line_1_24' title="bbox 210 3335 1297 3446; baseline 0.004 -29"><span class='ocrx_word' id='word_1_187' title='bbox 210 3373 282 3417; x_wconf 87' lang='lat' dir='ltr'><strong>ram</strong></span> <span class='ocrx_word' id='word_1_188' title='bbox 306 3335 449 3418; x_wconf 80' lang='lat' dir='ltr'><strong>Atticam</strong></span> <span class='ocrx_word' id='word_1_189' title='bbox 473 3367 656 3443; x_wconf 86' lang='lat' dir='ltr'><strong>spectasse,</strong></span> <span class='ocrx_word' id='word_1_190' title='bbox 685 3351 729 3418; x_wconf 90' lang='lat' dir='ltr'><strong>ita</strong></span> <span class='ocrx_word' id='word_1_191' title='bbox 754 3369 813 3432; x_wconf 85' lang='lat' dir='ltr'><strong>at,</strong></span> <span class='ocrx_word' id='word_1_192' title='bbox 847 3377 951 3445; x_wconf 87' lang='lat' dir='ltr'><strong>quum</strong></span> <span class='ocrx_word' id='word_1_193' title='bbox 976 3354 1126 3446; x_wconf 79' lang='lat' dir='ltr'><strong>Theseus</strong></span> <span class='ocrx_word' id='word_1_194' title='bbox 1149 3354 1297 3421; x_wconf 87' lang='lat' dir='ltr'><strong>Athehas</strong></span> 
     </span>
     <span class='ocr_line' id='line_1_25' title="bbox 214 3473 1298 3571; baseline 0.002 -29"><span class='ocrx_word' id='word_1_195' title='bbox 214 3493 389 3568; x_wconf 74' lang='lat' dir='ltr'><strong>tantopere</strong></span> <span class='ocrx_word' id='word_1_196' title='bbox 414 3473 579 3542; x_wconf 86' lang='lat' dir='ltr'><strong>attolleret</strong></span> <span class='ocrx_word' id='word_1_197' title='bbox 619 3492 719 3567; x_wconf 89' lang='lat' dir='ltr'><strong>atque</strong></span> <span class='ocrx_word' id='word_1_198' title='bbox 753 3495 901 3558; x_wconf 88' lang='lat' dir='ltr'><strong>ornaret,</strong></span> <span class='ocrx_word' id='word_1_199' title='bbox 940 3495 976 3544; x_wconf 90' lang='lat' dir='ltr'><strong>ut</strong></span> <span class='ocrx_word' id='word_1_200' title='bbox 1006 3476 1136 3571; x_wconf 89' lang='lat' dir='ltr'><strong>reliqua</strong></span> <span class='ocrx_word' id='word_1_201' title='bbox 1169 3479 1298 3545; x_wconf 88' lang='lat' dir='ltr'><strong>Atticae</strong></span> 
     </span>
     <span class='ocr_line' id='line_1_26' title="bbox 213 3593 1297 3689; baseline 0.003 -25"><span class='ocrx_word' id='word_1_202' title='bbox 213 3593 342 3689; x_wconf 82' lang='lat' dir='ltr'><strong>oppida</strong></span> <span class='ocrx_word' id='word_1_203' title='bbox 362 3617 467 3688; x_wconf 87' lang='lat' dir='ltr'><strong>paene</strong></span> <span class='ocrx_word' id='word_1_204' title='bbox 493 3613 747 3678; x_wconf 84' lang='lat' dir='ltr'><strong>evanescerent,</strong></span> <span class='ocrx_word' id='word_1_205' title='bbox 771 3596 892 3664; x_wconf 83' lang='lat' dir='ltr'><strong>festum</strong></span> <span class='ocrx_word' id='word_1_206' title='bbox 916 3598 1014 3664; x_wconf 89' lang='lat' dir='ltr'><strong>huius</strong></span> <span class='ocrx_word' id='word_1_207' title='bbox 1038 3599 1131 3666; x_wconf 84' lang='lat' dir='ltr'><strong>urhis</strong></span> <span class='ocrx_word' id='word_1_208' title='bbox 1156 3601 1297 3667; x_wconf 73' lang='lat' dir='ltr'><strong>manime</strong></span> 
     </span>
     <span class='ocr_line' id='line_1_27' title="bbox 213 3717 1295 3812; baseline 0.006 -24"><span class='ocrx_word' id='word_1_209' title='bbox 213 3718 410 3812; x_wconf 80' lang='lat' dir='ltr'><strong>dignitatem</strong></span> <span class='ocrx_word' id='word_1_210' title='bbox 447 3717 634 3786; x_wconf 84' lang='lat' dir='ltr'><strong>illustraret</strong></span> <span class='ocrx_word' id='word_1_211' title='bbox 704 3717 820 3812; x_wconf 86' lang='lat' dir='ltr'><strong>Itaque</strong></span> <span class='ocrx_word' id='word_1_212' title='bbox 856 3743 960 3812; x_wconf 85' lang='lat' dir='ltr'><strong>quum</strong></span> <span class='ocrx_word' id='word_1_213' title='bbox 1005 3745 1046 3788; x_wconf 82' lang='lat' dir='ltr'><strong>ex</strong></span> <span class='ocrx_word' id='word_1_214' title='bbox 1084 3721 1295 3795; x_wconf 83' lang='lat' dir='ltr'><strong>Erichthonii</strong></span> 
     </span>
     <span class='ocr_line' id='line_1_28' title="bbox 213 3843 1303 3937; baseline -0.001 -25"><span class='ocrx_word' id='word_1_215' title='bbox 213 3844 329 3937; x_wconf 80' lang='lat' dir='ltr'><strong>mytho</strong></span> <span class='ocrx_word' id='word_1_216' title='bbox 351 3861 530 3935; x_wconf 86' lang='lat' dir='ltr'><strong>sequatur,</strong></span> <span class='ocrx_word' id='word_1_217' title='bbox 561 3843 789 3909; x_wconf 85' lang='lat' dir='ltr'><strong>Panathenaea</strong></span> <span class='ocrx_word' id='word_1_218' title='bbox 816 3844 984 3912; x_wconf 88' lang='lat' dir='ltr'><strong>Minervae</strong></span> <span class='ocrx_word' id='word_1_219' title='bbox 1006 3869 1098 3912; x_wconf 84' lang='lat' dir='ltr'><strong>sacra</strong></span> <span class='ocrx_word' id='word_1_220' title='bbox 1122 3844 1240 3929; x_wconf 77' lang='lat' dir='ltr'><strong>fuisse,</strong></span> <span class='ocrx_word' id='word_1_221' title='bbox 1266 3843 1303 3912; x_wconf 85' lang='lat' dir='ltr'><strong>id</strong></span> 
     </span>
     <span class='ocr_line' id='line_1_29' title="bbox 215 3963 1301 4060; baseline 0.004 -28"><span class='ocrx_word' id='word_1_222' title='bbox 215 3963 309 4058; x_wconf 89' lang='lat' dir='ltr'><strong>quod</strong></span> <span class='ocrx_word' id='word_1_223' title='bbox 341 3966 521 4058; x_wconf 85' lang='lat' dir='ltr'><strong>scriptores</strong></span> <span class='ocrx_word' id='word_1_224' title='bbox 558 3965 635 4032; x_wconf 86' lang='lat' dir='ltr'><strong>satis</strong></span> <span class='ocrx_word' id='word_1_225' title='bbox 674 3989 842 4060; x_wconf 88' lang='lat' dir='ltr'><strong>superque</strong></span> <span class='ocrx_word' id='word_1_226' title='bbox 867 3966 1082 4049; x_wconf 85' lang='lat' dir='ltr'><strong>confirmant,</strong></span> <span class='ocrx_word' id='word_1_227' title='bbox 1124 3992 1164 4034; x_wconf 85' lang='lat' dir='ltr'><strong>ex</strong></span> <span class='ocrx_word' id='word_1_228' title='bbox 1198 3969 1301 4038; x_wconf 83' lang='lat' dir='ltr'><strong>altera</strong></span> 
     </span>
     <span class='ocr_line' id='line_1_30' title="bbox 213 4081 1335 4181; baseline 0.006 -27"><span class='ocrx_word' id='word_1_229' title='bbox 213 4085 271 4154; x_wconf 91' lang='lat' dir='ltr'><strong>illa</strong></span> <span class='ocrx_word' id='word_1_230' title='bbox 303 4087 491 4158; x_wconf 85' lang='lat' dir='ltr'><strong>narratione</strong></span> <span class='ocrx_word' id='word_1_231' title='bbox 524 4087 693 4156; x_wconf 89' lang='lat' dir='ltr'><strong>Theseum</strong></span> <span class='ocrx_word' id='word_1_232' title='bbox 739 4090 901 4181; x_wconf 89' lang='lat' dir='ltr'><strong>spectanti</strong></span> <span class='ocrx_word' id='word_1_233' title='bbox 941 4081 1069 4172; x_wconf 79' lang='lat' dir='ltr'><strong>elu&#39;cet,</strong></span> <span class='ocrx_word' id='word_1_234' title='bbox 1113 4092 1300 4162; x_wconf 84' lang='lat' dir='ltr'><strong>Minervam</strong></span> <span class='ocrx_word' id='word_1_235' title='bbox 1328 4152 1335 4179; x_wconf 59' lang='lat'>„</span> 
     </span>
     <span class='ocr_line' id='line_1_31' title="bbox 211 4209 1299 4307; baseline 0.003 -29"><span class='ocrx_word' id='word_1_236' title='bbox 211 4209 263 4278; x_wconf 87' lang='lat' dir='ltr'><strong>his</strong></span> <span class='ocrx_word' id='word_1_237' title='bbox 296 4210 388 4280; x_wconf 81' lang='lat' dir='ltr'><strong>seriis</strong></span> <span class='ocrx_word' id='word_1_238' title='bbox 430 4211 630 4280; x_wconf 83' lang='lat' dir='ltr'><strong>celebratam</strong></span> <span class='ocrx_word' id='word_1_239' title='bbox 673 4211 861 4306; x_wconf 85' lang='lat' dir='ltr'><strong>cultamque</strong></span> <span class='ocrx_word' id='word_1_240' title='bbox 900 4237 970 4281; x_wconf 88' lang='lat' dir='ltr'><strong>esse</strong></span> <span class='ocrx_word' id='word_1_241' title='bbox 1010 4231 1167 4307; x_wconf 88' lang='lat' dir='ltr'><strong>tanquam</strong></span> <span class='ocrx_word' id='word_1_242' title='bbox 1207 4215 1299 4282; x_wconf 87' lang='lat' dir='ltr'><strong>urhis</strong></span> 
     </span>
    </p>
   </div>
   <div class='ocr_carea' id='block_1_5' title="bbox 0 0 1464 4868">
    <p class='ocr_par' dir='ltr' id='par_1_5' title="bbox 0 0 1464 4868">
     <span class='ocr_line' id='line_1_32' title="bbox 0 0 1464 4868; baseline 0 0"><span class='ocrx_word' id='word_1_243' title='bbox 0 0 1464 4868; x_wconf 95' lang='lat' dir='ltr'><strong> </strong></span> 
     </span>
    </p>
   </div>
  </div>
 </body>
</html>
