2906 4882
529 385 802 454 —103-

110 599 281 674 proveeta
300 579 440 648 videtur.
474 578 704 648 Eiusvestitus
726 574 770 661 ¹²)
789 593 967 670 gestusque
985 582 1062 647 satis
1085 577 1202 674 aperte

112 722 305 786 testantur„
326 727 471 796 pompae
497 701 677 768 antistitem
702 701 755 768 vel
781 701 989 794 praelectum
1015 727 1200 799 agnoscen-

113 826 206 897 dum
230 851 313 908 esse,
339 826 539 920 praesertim
561 849 667 918 qnmn
691 823 814 892 similos
841 825 905 892 viri
929 824 1083 918 pluribus
1110 829 1208 896 enam

114 951 278 1044 Zophori
302 947 386 1022 locis
411 950 633 1020 invenientur.
681 949 810 1016 Verum
844 947 886 1014 dc
913 949 1034 1015 horum
1059 973 1207 1044 pompae

115 1073 307 1143 antistitum
337 1074 475 1141 nomine
508 1073 570 1142 viri
607 1070 697 1140 docti
733 1053 802 1164 qui
824 1072 1020 1164 zophorum
1052 1094 1207 1142 nostrum

118 1196 380 1289 descripserunt
414 1193 513 1264 valde
538 1198 625 1264 inter
646 1220 682 1264 se
710 1193 930 1279 dissentiunt,
965 1215 1067 1290 nuptie
1092 1201 1206 1280 miror,

119 1319 221 1414 quod
244 1319 429 1392 Muellerus
462 1343 519 1388 eos
553 1317 817 1412 nomoplrylaces
837 1317 881 1403 ¹³)
915 1319 1081 1414 appellari
1106 1344 1207 1414 posse

120 1462 257 1526 censet,
278 1457 383 1538 quum
407 1443 468 1514 hos
497 1441 637 1536 quidem
659 1445 718 1534 qni
743 1440 937 1536 Plynteriis,
961 1445 1134 1513 Minervae
1161 1445 1210 1512 fe·

118 1569 183 1642 riis
208 1590 310 1661 snpra
332 1559 382 1660 (p.
404 1564 466 1652 37)
490 1567 776 1649 commemoratis,
803 1571 1002 1660 placarent,
1034 1578 1105 1640 non
1132 1587 1208 1636 ante

61 1775 66 1785 ¹
119 1692 336 1766 Demetrium
369 1687 569 1762 Phalereum
610 1669 753 1760 dihesis
796 1692 961 1762 exstitisse
995 1711 1114 1760 notun
1151 1695 1210 1762 sit

119 1815 249 1884 Utrum
274 1839 355 1882 vero
382 1813 584 1884 athlctbens
606 1840 649 1882 an
665 1815 857 1908 hipparchi,
880 1841 922 1882 an
949 1813 1097 1909 denique
1122 1817 1212 1910 phy.

121 1939 233 2008 larchi
259 1935 455 2034 appellandi
473 1939 549 2021 sint,
576 1937 712 2006 difficile
737 1957 787 2006 est
813 1938 1006 2006 diiudicata.
1040 1940 1213 2034 eqlidem

125 2087 185 2132 eos
220 2062 418 2130 athlothetas
453 2060 615 2143 dixerim,
651 2063 779 2154 quippe
810 2063 869 2154 qui
900 2063 1019 2130 diebus
1049 2087 1212 2158 pompam

124 2185 403 2256 antecedentibus
433 2182 522 2256 ludis
557 2167 768 2278 equestribus
800 2185 1030 2278 praefirissent.
1088 2189 1213 2255 Totum

125 2315 220 2378 enim
246 2310 444 2403 Zoplaorum
470 2308 557 2376 nillil
590 2312 659 2376 uisi
682 2312 869 2401 imaginem
900 2313 1015 2376 rerum
1040 2335 1213 2402 patescun-

126 2458 194 2528 que
220 2431 338 2504 diebus
363 2431 649 2504 antecedentibus
668 2437 801 2519 foetae
822 2449 945 2510 erant,
973 2436 1157 2501 continere
1176 2451 1211 2504 et

128 2557 281 2648 offerre,
309 2558 392 2626 mihi
419 2556 558 2650 quidem
589 2577 640 2624 est
664 2583 869 2651 persuasum.
921 2557 1034 2651 ltaque
1060 2561 1161 2626 stiam
1188 2561 1212 2625 ii

129 2681 262 2774 equites
287 2682 323 2748 in
344 2681 503 2771 Zophoro
527 2698 642 2748 nostro
670 2683 766 2748 efficti
794 2701 888 2764 sant,
916 2685 975 2776 qni
996 2680 1111 2776 paullo
1135 2701 1211 2752 ante

128 2804 183 2872 vel
216 2830 235 2871 e
268 2804 396 2871 civibus
419 2803 680 2871 Atheniensibus
688 2856 700 2885 ,
735 2804 789 2871 vel
822 2831 861 2871 cx
894 2807 1044 2898 equitnm
1078 2805 1214 2887 ordine,

129 2927 185 2998 vel
212 2955 253 2996 ex
275 2927 470 3023 phylarchis
493 2929 665 3007 vicerant,
697 2929 743 2994 ita
775 2947 812 2994 ut
838 2930 1073 2995 certaminibus
1100 2929 1214 2996 eonfe-

130 3055 206 3136 ctis,
229 3076 390 3146 pompam
417 3050 582 3122 claudant

231 3173 390 3268 Sequitun
420 3175 515 3242 illum
555 3199 700 3268 pompae
732 3176 934 3255 antistitem,
971 3196 1072 3266 quem
1106 3175 1214 3242 anhlo-

131 3301 257 3368 thetam
283 3322 354 3365 esse
381 3323 569 3379 censemus,
607 3300 762 3391 equiturn
785 3317 934 3378 caterva,
962 3301 1002 3364 'ex
1025 3323 1090 3390 qua
1116 3320 1214 3390 pom-

131 3449 212 3520 pam
252 3423 382 3514 agmine
419 3421 571 3490 nondum
617 3423 801 3516 composito
835 3420 1022 3514 procedens
1057 3441 1212 3514 apparet,

133 3571 239 3641 qnnm
264 3563 372 3614 motus
396 3545 624 3614 othoninum
650 3565 683 3612 ct
706 3568 869 3638 equorum
895 3546 993 3614 nimis
1018 3546 1140 3610 incerti
1165 3563 1213 3611 at-

134 3695 201 3766 qua
225 3666 390 3736 inconditi
414 3667 598 3736 uideantur.
633 3668 847 3752 Quinetiam
870 3667 1024 3735 nonnulli
1051 3691 1214 3760 apnormn

172 3887 219 3893 --—
232 3880 381 3894 -nb-tfl

85 3999 87 4006 ’
175 3983 216 4049 m)
234 3981 296 4036 Tali
314 3979 384 4031 enim
403 3980 487 4050 pallio
503 3979 599 4031 induta
618 3987 659 4031 est
675 3979 743 4032 haec
760 3981 862 4048 ligura,
880 3981 954 4050 quali
973 3982 1052 4032 etiam
1071 3977 1211 4032 athletha·

236 4083 289 4137 tae,
307 4075 340 4126 ‹le
360 4074 457 4144 quibus
481 4091 560 4144 supra
580 4075 690 4144 egimus.

174 4171 217 4236 ¹3)
237 4169 312 4240 Quos
331 4171 436 4240 pompis
454 4170 601 4239 praefuisse
622 4169 716 4221 Pollux
728 4169 808 4240 (Vnt,
828 4170 873 4241 87)
894 4167 969 4225 dicit.
