2920 4868
624 315 899 480 l-lo'-

235 561 418 628 rectissime
467 554 716 648 explicaverunt
756 573 789 621 et
823 553 983 620 Corsinus
1026 571 1059 620 ct
1099 553 1327 619 Hoffmannus.

237 683 312 748 Huc
333 680 473 762 accedit,
500 680 558 772 qui
583 703 716 746 omnem
743 678 806 742 hac
829 675 872 741 de
898 702 934 742 re
962 674 1205 742 dubitationem
1231 674 1329 756 tollit,

232 804 348 872 titulus
375 805 403 868 F
407 803 574 870 curmonti
596 824 761 893 perquam
784 795 1010 863 memorabilis
1033 789 1092 886 ¹9),
1128 797 1186 889 qui
1223 821 1329 889 quum

235 926 409 995 der-matiei
434 928 578 991 rationes
605 923 792 1002 contineat,
834 920 917 988 festa
945 923 981 987 in
1015 921 1138 1013 quibus
1170 920 1236 985 hoc
1261 921 1330 986 rei-

231 1049 389 1141 publicae
415 1047 622 1128 solvebatur,
665 1064 846 1112 enumerat
911 1046 1061 1110 Primum
1099 1045 1189 1109 enim
1218 1045 1330 1110 nomi-

232 1190 354 1239 nantur
378 1173 551 1240 Archonte
576 1170 720 1238 Ctesicle
753 1164 823 1262 (Ol.
844 1176 924 1253 111,
946 1167 983 1256 3)
1013 1169 1176 1262 Dionysia
1205 1169 1329 1234 rustica

234 1319 319 1385 quae
348 1294 536 1362 Posideone
567 1295 813 1386 peragebantur
835 1287 910 1384 2⁰)‚,
941 1311 1011 1358 tum
1046 1294 1177 1358 Lenaea
1202 1291 1327 1358 Game-

231 1416 342 1499 lione,
384 1417 553 1486 Eleusinia
571 1409 619 1507 ²¹)
650 1416 929 1496 Anthesterione,
972 1415 1173 1482 sacrificium
1208 1413 1327 1481 Cereri

233 1540 430 1633 quodcum
453 1540 631 1608 Eleusiniis
669 1541 885 1607 coniunctum
925 1562 997 1605 esse
1022 1536 1173 1619 videtur,
1209 1536 1328 1605 Ascle-

232 1667 310 1757 piea
335 1662 610 1758 Elaphebolionis
637 1641 692 1730 {lie
719 1681 855 1744 octavo,
892 1661 1054 1754 Dionysia
1087 1660 1215 1726 urbana
1240 1662 1331 1726 eius-

237 1787 316 1854 dem
336 1789 460 1854 mensis
490 1814 511 1854 a
537 1786 592 1854 die
625 1785 805 1854 undecimo
830 1811 937 1880 usque
963 1784 1007 1852 ad
1031 1785 1200 1851 decimum
1224 1807 1325 1877 quer-

236 1929 327 1992 tum‚
361 1909 541 2004 Olympiea
570 1929 603 1978 et
621 1909 827 1977 »sacrificium
848 1910 1019 1977 Mercurio
1042 1903 1230 2002 (utriusque
1253 1909 1356 1975 festi»

236 2059 387 2103 mensem
410 2027 612 2126 nescimus),
637 2032 810 2100 Bendidca
835 2033 1080 2127 Thargelioue,
1105 2032 1253 2126 denique
1278 2057 1328 2099 sa-

236 2160 402 2226 orificium
437 2160 509 2226 lovi
531 2158 698 2228 servatori
711 2210 721 2240 ,
760 2157 899 2226 fortasse
931 2160 968 2224 in
992 2157 1177 2250 Buphoniis
1213 2155 1328 2224 Seiro-

235 2285 402 2377 phorioue
428 2283 520 2353 actis.
559 2280 731 2349 ¹Videmus
766 2283 867 2375 igitur
897 2299 1027 2348 rectum
1051 2271 1217 2346 mensium
1242 2281 1330 2350 Atti-

238 2431 354 2474 corum
380 2405 544 2474 ordinem
564 2405 620 2472 bic
645 2408 858 2474 observatum
890 2430 972 2472 esse.
1035 2404 1176 2471 'Deinde
1211 2430 1330 2471 nume-

239 2546 355 2596 rantur
379 2528 482 2610 festa,
504 2529 540 2594 in
565 2522 873 2621 quibusarchoute
896 2529 1074 2595 Nicocrate
1100 2523 1170 2618 (Ol.
1195 2535 1276 2610 lli,
1292 2525 1329 2611 ll)

242 2652 450 2717 der-maticon
484 2652 692 2718 curatoribus
727 2651 896 2718 redituum
929 2651 1146 2746 publicorum
1185 2652 1330 2720 solutum

217 2774 299 2842 isit:
334 2771 535 2839 sacrificium
557 2773 654 2855 Paci,
690 2773 992 2842 Hecatombaeenis
1018 2773 1073 2840 die
1099 2793 1210 2859 sexto,
1249 2778 1329 2850 Am-

240 2898 353 2964 monia
391 2921 535 2989 quorum
573 2896 665 2963 diem
704 2899 889 2979 nescimus,
925 2899 1204 2974 Panathenaea,
1246 2925 1329 2991 quae

243 3046 347 3114 quum
371 3023 500 3091 minora
523 3023 646 3090 sintin
672 3020 934 3116 Thergelionem
956 3022 1129 3092 transferri
1155 3045 1224 3091 non
1249 3045 1329 3113 pos-

244 3210 556 3230 *uu——nn—n-..q

282 3337 323 3404 19)
343 3335 432 3404 Quem
451 3335 553 3386 editum
574 3335 722 3403 explicavit
737 3333 873 3386 Boelthius
883 3333 1000 3392 Staetsh,
1013 3335 1040 3385 l.
1052 3336 1112 3388 ach.
1122 3337 1155 3387 ll.
1176 3353 1202 3405 p.
1213 3338 1264 3404 243
1275 3355 1332 3409 sqq.

342 3432 370 3474 et
390 3422 418 3476 C.
439 3423 457 3472 Ι.
475 3440 504 3476 n,
526 3423 581 3489 ¹⁵7·

280 3511 325 3582 ao)
343 3509 385 3560 Ne
403 3510 506 3559 mireris
524 3517 588 3559 ante
606 3508 679 3558 hunc
698 3517 801 3560 sextum
821 3509 887 3559 anni
903 3524 1022 3560 mensem
1039 3511 1146 3562 nullum
1164 3511 1263 3562 festum
1283 3527 1334 3562 no-

348 3584 481 3649 minatum
500 3612 572 3662 csse3
591 3604 704 3665 apparet
722 3597 793 3646 enim
815 3613 849 3647 ex
870 3596 979 3647 decreto
998 3597 1071 3666 apud
1089 3607 1225 3650 auctorem
1240 3599 1334 3652 vitex

347 3693 428 3736 oratt.
449 3683 530 3754 (Plut.
556 3685 587 3736 T.
606 3683 652 3741 Vl.
676 3701 702 3752 p.
720 3699 772 3754 279
792 3683 835 3737 ed.
857 3683 999 3755 Tubing.)‚
1029 3694 1167 3740 curatores
1198 3685 1336 3736 redituum

350 3767 522 3844 publicorum
552 3765 751 3841 per'quattuor
777 3788 863 3824 anuos
880 3771 977 3841 plenos
1003 3789 1116 3824 munere
1142 3772 1250 3825 iunctos
1278 3789 1336 3824 esse

350 3858 548 3929 (Staatshaush.
567 3858 593 3909 d.
611 3857 674 3917 ath.
691 3859 711 3912 I.
736 3875 765 3927 p.
786 3859 863 3931 177),
882 3867 965 3929 atque
983 3861 1022 3912 ita
1041 3861 1181 3930 quidem‚-
1195 3869 1228 3912 ut
1244 3861 1334 3912 cuius-

348 3964 402 4017 que
421 3945 588 4014 Olympiadis
608 3963 679 4002 anno
698 3945 779 3998 tertio
797 3962 853 3998 non
873 3947 995 4012 ineunte,
1025 3947 1075 4000 sed
1094 3963 1150 4002 uon
1167 3947 1254 4002 multo
1270 3955 1334 4001 anto

349 4043 454 4088 sextum
473 4049 595 4086 mensem
613 4033 798 4101 magistratum
819 4033 931 4090 inirent.

275 4125 320 4195 at)
339 4123 464 4192 intellige
485 4122 606 4185 minora,
625 4137 710 4195 quum
727 4121 829 4176 maiora
846 4121 1047 4192 Rojidromione
1068 4129 1127 4176 acte
1148 4138 1206 4175 esse
1219 4129 1332 4176 coastat.
