2906 4882
443 343 455 370 Q

498 465 544 482 -··
599 435 667 503 109
720 457 775 482 w·

85 626 231 696 Summo
253 627 326 694 iure
351 627 417 694 iam
440 627 632 696 Viscoutius
645 625 830 697 Victoriam
854 628 911 696 hic
937 630 1076 700 affictam
1102 637 1174 701 esse

85 749 276 818 contendit
334 753 418 818 Nam
453 775 557 844 quum
587 753 623 818 in
658 753 778 819 harum
808 751 1007 822 feminarum
1035 775 1175 849 pectore

86 867 252 969 pluribus
277 873 361 942 locis
388 873 460 942 lora
484 876 747 968 conspiciamus,
783 875 967 944 admodum
998 879 1177 972 probabile

88 1017 163 1084 est,
203 1023 257 1064 eas
284 996 391 1064 alatas*
414 976 533 1080 fuisse,
568 1001 647 1093 quia
671 998 874 1102 plerumque
900 999 1024 1093 figurato
1051 981 1202 1070 tantum⁵

89 1121 200 1188 alatae
226 1120 307 1188 loris
334 1121 564 1188 ornabantur.—
593 1119 748 1190 Attamen
769 1125 879 1218 probe
908 1123 1092 1192 cavendum
1118 1144 1177 1208 est,

89 1270 134 1312 ne
163 1242 358 1325 credamus,
393 1245 445 1312 bis
477 1244 557 1313 loris
588 1245 654 1311 alas
694 1247 783 1339 ipsas
818 1266 912 1340 tergo
944 1248 1067 1338 affictas,
1096 1273 1178 1316 esse.
1264 1313 1270 1320 .

92 1367 199 1452 Quod
225 1369 252 1434 si
278 1368 459 1450 statuimus,
481 1368 539 1434 bas
564 1367 702 1436 seminas
727 1369 893 1438 Victorius
919 1395 990 1438 esse
1014 1369 1105 1437 haud
1130 1371 1180 1439 sa-

91 1491 157 1560 oile
187 1493 365 1585 quisquam
395 1493 550 1585 negabit,
584 1485 712 1585 quippe
746 1519 827 1586 quas
860 1513 892 1561 et
919 1493 998 1562 aiibi
1029 1494 1110 1564 lom's
1143 1498 1179 1562 iu

89 1635 234 1710 pectore
257 1599 424 1709 praeditas
451 1639 522 1682 esse
544 1617 619 1682 satis
646 1591 775 1684 constet
791 1611 832 1702 4).
871 1615 926 1684 Ad
952 1643 1035 1711 quas
1059 1617 1178 1685 melius

92 1738 333 1832 intelligendas
365 1763 438 1806 vasa
464 1737 655 1806 adhibenda
680 1758 779 1820 sunt,
816 1766 902 1834 quae
927 1741 1085 1808 feminam
1111 1742 1180 1812 ala-

91 1881 177 1944 tum,
204 1882 345 1930 stantem
369 1863 405 1928 in
431 1887 532 1928 curru
557 1864 646 1930 iuxta
672 1865 833 1932 victorem
860 1889 959 1958 saepo
986 1865 1180 1952 osteuduut3

93 2006 199 2080 atque
226 1988 323 2053 sicuti
353 1988 389 2051 in
415 1984 465 2052 his
498 1987 581 2052 vasis
614 1984 706 2052 illam
738 1986 896 2054 feminam
921 1988 1006 2054 nihil
1033 1991 1098 2056 nisi
1123 2015 1181 2057 ua-

92 2112 160 2194 bis,
186 2111 223 2177 in
249 2135 315 2203 qua
340 2097 447 2176 victoi-
471 2126 567 2175 natus
584 2127 643 2190 est,
668 2110 846 2203 imaginem
869 2135 941 2177 esse
968 2111 1179 2178 statuendum

95 2255 146 2304 ost
165 2229 197 2320 ⁵)
211 2284 222 2316 ,
261 2236 306 2300 itu
332 2235 431 2300 etiam
456 2234 492 2298 iu
519 2232 677 2324 Zopboro
707 2250 822 2300 nostro
850 2259 903 2300 eas
928 2257 1048 2301 censeo
1075 2235 1198 2326 sigui-¹

94 2359 199 2426 ficare
226 2359 351 2424 tribum
371 2357 531 2446 Atticam,
564 2381 605 2422 ex
631 2381 697 2449 qua
718 2356 824 2422 victor
850 2376 940 2424 ortus
964 2375 1043 2424 erat.
1092 2358 1179 2425 Nam

95 2506 213 2575 quum·
230 2500 349 2574 poetae
368 2505 456 2548 ’eam
492 2480 615 2546 urbem
652 2501 738 2573 quse
773 2480 935 2546 victorem
972 2477 1179 2574 olympicum

94 2606 229 2692 tulerat,
255 2606 362 2698 ipsam
380 2605 551 2672 victricem
577 2628 648 2670 esso
676 2621 803 2684 canant,
828 2627 888 2668 cur
907 2625 977 2670 non
1003 2602 1179 2671 credamus

20 2701 22 2708 .
96 2733 200 2798 otiam
223 2730 349 2796 tribum
369 2726 513 2794 Atticam
538 2727 710 2794 victricem
734 2727 790 2794 hic
808 2728 947 2793 effictam
973 2751 1054 2807 esse,
1079 2701 1179 2819 piae-

97 2855 214 2922 seru’m
240 2877 343 2946 quum
367 2849 453 2917 tituli
471 2850 675 2953 agonistici,
708 2851 767 2942 qui
796 2848 876 2916 alibi
901 2873 970 2916 non
995 2849 1103 2932 solum
1129 2852 1203 2916 vi-·

98 2997 211 3045 ctores
244 2992 459 3054 enumerant,
493 2970 554 3039 sed
581 2973 680 3039 etiam
709 2995 824 3038 eorum
855 2972 997 3063 patriam
1028 2970 1202 3054 afferunt,

97 3104 133 3168 iu
160 3099 397 3166 Panathenaeis
412 3119 558 3189 ’sompes
588 3097 657 3161 eius
690 3094 797 3160 uibus
815 3096 885 3159 'cui
917 3097 1024 3161 victor
1051 3093 1179 3161 adscri-
1201 3073 1224 3124 'i

97 3245 179 3318 ptus
207 3242 286 3304 etut,
312 3247 436 3289 nomen
458 3218 637 3286 adiiciant?
679 3217 730 3284 Ao
755 3217 837 3284 mihi
864 3215 1001 3310 quidem
1027 3217 1203 3284 nondum*

98 3365 219 3415 notum
245 3363 293 3412 est
317 3343 423 3410 ullum
449 3341 661 3436 exemplum,
693 3366 734 3407 ex
761 3364 828 3434 quo
854 3341 1000 3434 autigam
1019 3338 1072 3407 vel
1099 3365 1180 3434 apo-

98 3472 213 3538 batam
225 3520 234 3550 ,
265 3469 379 3561 quiin
404 3467 640 3533 Pauatltenaeis
671 3466 809 3545 vicerit,
832 3464 1084 3532 *Atheniensem
1110 3488 1178 3531 uon

106 3673 353 3689 »κω-...κα

157 3801 185 3870 4)
206 3799 288 3851 Cuius
314 3797 351 3848 rei
378 3795 529 3864 exemplum
549 3797 630 3846 affero
650 3791 704 3844 duo
722 3791 857 3873 Victorias
885 3792 960 3860 sigua
985 3808 1055 3862 quae
1073 3798 1181 3874 ¹‹utstatut

137 3903 141 3912 ·
203 3887 231 3936 in
258 3885 326 3936 Mus.
360 3899 413 3950 reg.
442 3882 559 3934 beroliu.
587 3897 647 3936 ιιι
678 3881 767 3937 et1t.
812 3879 897 3930 Etiam
927 3875 1081 3930 Gerbardus
1101 3877 1179 3947 (Berl.

207 3974 268 4023 Ant.
288 3969 378 4022 bildw.
407 3985 434 4039 p.
454 3970 498 4038 30)
516 3961 579 4019 'olas
603 3965 673 4036 ipsus
692 3966 732 4017 bis
756 3967 823 4017 ioris
849 3973 924 4033 tergo
946 3965 1055 4017 minime
1083 3965 1181 4017 atticus
1256 3979 1259 3992 ⁴

205 4077 271 4121 esse,
294 4067 365 4110 recte
383 4065 478 4126 putare
495 4053 560 4108 mihi
578 4052 690 4104 videtur.

159 4155 186 4223 5)
209 4154 239 4204 ld
259 4153 332 4224 quod
351 4151 522 4205 'l'hierscbius
541 4151 574 4202 V.
594 4149 634 4200 ct.
654 4149 682 4198 in
700 4153 893 4217 programmate
912 4161 998 4214 nuper
1015 4143 1089 4196 edito
1109 4145 1182 4214 (Mo-

207 4238 304 4295 nachii.
328 4240 399 4298 1835.
420 4237 487 4292 Tub.
508 4238 551 4305 ΙΙ.)
571 4253 603 4290 ex
623 4236 682 4288 loco
701 4233 806 4289 Pindari
824 4231 1034 4302 ingeniosissime
1054 4229 1179 4284 ostendit.
