2906 4882
675 416 918 483 ..92-

255 609 375 676 moniis
401 626 609 700 compertum
634 607 794 674 habemus
820 609 941 676 borum
966 605 1124 676 ludorum
1148 609 1333 705 plerosque

254 734 397 825 posteris
423 731 561 825 quidem
587 733 793 823 temporibus
815 731 949 798 habitos
972 756 1043 798 esse
1060 734 1095 798 in
1124 734 1230 824 stadio
1245 741 1335 802 Pau-

254 858 443 937 athenaico,
470 853 563 950 quod
588 881 607 920 a
632 859 785 948 Lycurgo
817 855 952 920 rhetore
975 852 1000 939 ¹)
1035 855 1077 920 ad
1103 855 1187 922 Ilissi
1218 861 1333 950 ripam

254 1004 363 1074 prope
388 981 495 1072 ipsam
520 979 639 1045 urbem
665 977 874 1076 aedificatum
903 978 945 1042 ab
972 977 1107 1044 Herode
1132 980 1244 1048 Attico
1272 1007 1333 1048 ex·

254 1123 406 1171 ornatum
438 1094 642 1196 sedibusque
672 1101 867 1168 marmoreis
901 1103 946 1167 ita
979 1103 1178 1169 instructum
1209 1103 1332 1191 este),

170 1305 174 1312 ι
253 1246 290 1293 ιιι
324 1229 393 1293 eius
430 1225 591 1318 reliquiae
631 1251 716 1319 quae
750 1224 859 1293 adbuc
894 1243 1036 1307 exstant,
1076 1225 1333 1296 admirationem

252 1352 431 1418 Pausaniae
453 1349 555 1441 plane
581 1350 812 1442 comprobent.

352 1475 612 1540 Panathenaicus
638 1492 747 1540 autem
769 1475 910 1540 victores
936 1491 1028 1540 tanto
1049 1472 1178 1540 bonore
1203 1471 1331 1565 gloria·

253 1623 319 1690 que
343 1598 468 1664 fructos
494 1622 565 1664 esse
593 1616 715 1692 quanto
742 1598 801 1689 qui
825 1596 984 1690 Olympia
1014 1597 1182 1676 vicerant,
1213 1621 1329 1690 neque

253 1749 272 1786 e
295 1722 496 1814 scriptorum
519 1721 603 1788 locis
625 1738 779 1813 apparet,
806 1745 917 1813 neque
950 1721 1084 1787 omnino
1119 1721 1189 1785 veri
1219 1719 1329 1786 simile

252 1864 320 1925 est,
341 1870 444 1936 quum
462 1843 512 1910 illi
533 1843 606 1909 ludi
629 1868 712 1936 quos
726 1843 910 1935 permultos
927 1841 1028 1910 fuisse
1049 1842 1200 1922 vidimus,
1228 1862 1329 1937 quot-

255 1970 350 2038 annis
379 1966 545 2049 redirent,
576 1969 620 2035 ita
642 1984 678 2033 ut
704 1969 867 2034 victorum
892 1992 1049 2033 numerus
1082 1969 1157 2034 satis
1188 1991 1329 2059 maguus

253 2109 349 2157 esset.
399 2091 484 2156 Nam
509 2110 644 2185 praeter
669 2093 866 2184 amphoram
882 2090 974 2156 illam
997 2089 1071 2158 oleo
1098 2114 1190 2158 sacro
1213 2083 1330 2182 reple-

249 2234 316 2281 tam
342 2239 398 2282 eos
423 2214 511 2299 nihil¹
529 2217 593 2282 nisi
619 2214 774 2283 frondem
800 2215 984 2308 oleaginam
1009 2240 1076 2306 qua
1101 2232 1202 2306 eaput
1227 2237 1327 2280 coro-

249 2356 404 2420 naretur,
425 2340 598 2431 accepisse
623 2337 864 2405 tradit.Suidas
884 2335 925 2418 3).
975 2337 1044 2404 Sed
1075 2338 1159 2404 haec
1192 2361 1246 2403 res
1281 2336 1326 2402 ad

248 2463 392 2528 musicos
418 2478 545 2526 tantum
569 2463 710 2528 victores
735 2463 908 2553 pertinere
926 2459 1074 2540 videtur,
1100 2463 1177 2552 quia
1193 2462 1325 2553 gymni-

248 2607 365 2649 corum
385 2586 574 2676 praemium
599 2583 703 2650 solam
727 2585 923 2676 amphoram
936 2585 1074 2677 eiusque
1093 2583 1204 2650 oleum
1220 2583 1323 2649 fuisse

249 2722 395 2789 constat3
421 2724 519 2799 atque
546 2706 589 2773 de
611 2709 815 2806 musicorum
838 2708 935 2774 huius
951 2706 1028 2774 festi
1044 2710 1206 2774 victorum
1223 2731 1324 2799 prae-

246 2831 314 2897 mio
341 2855 444 2923 quum
469 2830 553 2896 nibil
580 2832 749 2924 cognitum
769 2832 959 2913 habeamus,
984 2831 1120 2898 fortasse
1138 2829 1228 2896 haud
1242 2855 1323 2922 per-

246 2977 362 3045 peram
377 2954 545 3022 statuimus
572 2980 628 3022 eos
654 2979 724 3022 non
745 2957 854 3038 minus
879 2981 979 3049 quam
1002 2956 1142 3022 victores
1164 2953 1321 3020 ludorum

246 3050 445 3168 Pythioruui
467 3077 643 3145 frondibus
669 3078 808 3146 donatos
834 3103 915 3146 esse.
954 3081 1046 3160 Quae
1060 3075 1197 3144 frondes
1217 3103 1320 3168 quum

247 3203 282 3264 in
308 3199 396 3266 ludis
421 3199 609 3294 Apollineis
634 3201 768 3269 laureae
795 3219 922 3280 essent,
948 3203 983 3266 in
1007 3201 1130 3268 nostris
1145 3201 1317 3279 Minerrae

243 3320 331 3389 ludis
358 3323 525 3419 oleaginae
546 3324 646 3390 fuisse
672 3324 821 3404 debent,
848 3326 1047 3417 praesertim
1073 3350 1176 3417 quum
1196 3323 1318 3392 Suidae

247 3449 350 3513 verba
368 3473 453 3539 quae
470 3446 514 3514 de
531 3449 684 3514 omnibus
697 3448 1004 3515 Panathenaeorum
1018 3449 1199 3514 victoribus
1216 3447 1318 3524 aller-t,

249 3595 324 3636 cum
350 3574 551 3660 nostra-hae
576 3574 742 3639 sententia
765 3573 890 3665 optime
918 3573 1134 3639 consentiant.

241 3787 505 3797 ...mr-

301 3921 323 3990 ι)
344 3917 553 3972 Pseudo-plut.
574 3939 595 3972 v.
613 3919 643 3971 Χ.
668 3928 746 3971 oratt.
768 3937 793 3990 p.
811 3920 871 3989 84r,
896 3918 921 3970 d.
941 3919 974 3970 cf.
995 3919 1084 3970 Leuke
1104 3913 1270 3986 topography
1290 3911 1320 3963 ol

255 4057 258 4065 ,
349 4006 458 4058 Atheus.
476 4025 502 4075 p.
525 4011 565 4061 51.

296 4093 325 4161 a)
343 4093 467 4145 Philostr.
487 4111 510 4144 v.
529 4094 646 4163 Sophist.
663 4095 696 4148 11.
715 4113 736 4159 t,
755 4093 779 4149 5·
798 4094 872 4147 Paua
893 4093 912 4148 l.
934 4111 971 4164 19,
992 4109 1014 4162 7.

297 4185 323 4253 3)
342 4199 361 4234 t.
380 4199 402 4233 t.
422 4181 625 4246 Παναθήναια.
