2906 4882
653 416 923 484 -130-

245 612 333 674 enim
363 607 458 674 video
485 608 626 675 Vulcani
654 633 750 676 crura
779 613 881 706 magis
911 611 1018 678 velata
1046 633 1243 706 essequam
1271 615 1326 682 lo-

243 735 302 812 vis,
328 732 477 824 Neptuni
503 731 712 826 aliorumque
739 733 901 815 deornm·,'
918 761 1007 828 ‘quos
1027 737 1204 828 Zophorus
1231 739 1327 804 cxlri-

241 857 310 924 bct.·
342 857 546 922 llinervam
577 875 685 922 autem
719 860 944 950 conspicimus
980 860 1133 928 omnibus
1167 861 1252 926 belli
1281 866 1326 928 si-

244 982 328 1072 gnis,
351 979 453 1074 galea,
479 978 597 1074 aegide
625 997 658 1046 et
683 980 805 1074 clypeo
832 980 1034 1063 destitutam,
1061 981 1098 1048 id
1124 984 1217 1078 quod
1234 985 1324 1050 haud

242 1125 320 1170 raro
353 1104 538 1186 invenitur3
575 1106 672 1171 sicuti
703 1107 739 1170 in
775 1107 948 1173 notissimo
984 1105 1044 1173 illo
1083 1109 1169 1174 Mus.
1213 1111 1322 1174 Princ.

245 1226 416 1292 Caninstis
442 1251 518 1294 vase
550 1251 652 1320 supra
681 1227 846 1322 explicato
861 1226 934 1313 ⁹4),
967 1231 1119 1298 Minerva
1144 1231 1326 1298 Erichtho-

242 1352 337 1416 nium
374 1350 536 1418 insantem
569 1335 687 1444 aegide
720 1354 891 1447 excipiens
932 1377 1044 1446 neque
1081 1353 1174 1446 galea
1211 1379 1324 1448 neque

245 1473 377 1568 clypeo.
393 1493 516 1542 armata
542 1494 599 1543 est
650 1478 722 1542 Dea
748 1478 848 1558 enim,
874 1493 1037 1570 quatenus
1064 1476 1107 1544 ad
1133 1477 1324 1546 Vulcanum

245 1600 393 1692 pertinet
418 1618 450 1668 et
474 1615 580 1666 mater
600 1599 816 1684 ‚Erichthonii
838 1623 909 1667 esse
941 1599 1067 1667 dicitur
1094 1602 1118 1668 i.
1143 1625 1171 1667 e.
1189 1599 1325 1668 'fertili-

246 1739 348 1788 tatem
374 1742 481 1792 terrae
506 1723 636 1790 Atticae
662 1724 825 1816 praebet,
859 1724 957 1789 armis
977 1741 1018 1790 fet
1040 1723 1122 1790 belli
1148 1747 1326 1791 ornamcn·

245 1846 285 1910 tis
310 1869 423 1912 carere
448 1863 570 1938 potest.
619 1847 748 1913 Verum
773 1847 860 1914 hanc
884 1845 1071 1913 Minervam
1094 1871 1206 1939 neque
1229 1848 1326 1940 Ope-

244 1993 366 2052 rosam,
382 1969 501 2061 ,neque
526 1968 696 2036 Medicam
721 1969 918 2050 vocaverim,
945 1994 1048 2062 quum
1065 1968 1218 2038 Vulcano
1246 1993 1328 2038 con-

247 2094 380 2162 iunctae
425 2095 596 2164 Minervae
636 2113 791 2161 neutrum
818 2095 938 2160 horum
974 2096 1212 2222 cognominum
1242 2094 1327 2179 dare

246 2215 354 2284 liccat.

347 2340 440 2406 Inter
465 2340 580 2408 lovem
605 2357 639 2408 ct
659 2340 745 2406 hanc
770 2341 974 2420 Minervam,
1008 2363 1091 2434 quos
1118 2337 1260 2407 deorum
1291 2359 1330 2406 ut

175 2545 177 2550 Ι
246 2465 290 2529 ita
329 2463 462 2544 dicam,
503 2465 821 2530 Panathenaicorum
858 2464 1029 2556 principes
1066 2489 1138 2530 csse
1172 2462 1329 2558 apparet,

247 2588 472 2678 conspicimus
498 2584 671 2652 sollemnia
705 2588 810 2678 ipsius
841 2585 937 2680 pepli
972 2588 1030 2680 qui
1060 2588 1095 2654 in
1132 2587 1329 2655 interiorem

247 2708 366 2800 templi
392 2709 563 2776 Minervae
588 2707 733 2775 Poliadis
757 2727 889 2806 partem
916 2709 1066 2778 infertur.
1117 2709 1329 2776 Duae‘enim

247 2831 380 2924 puellae
407 2830 588 2899 traditurae
614 2851 690 2900 sunt
716 2833 880 2900 sacerdoti
897 2831 1232 2900 ttinervaaPotiadis
1251 2855 1329 2896 ana-

248 2981 313 3047 gna
339 2958 480 3022 canistra
504 2981 589 3050 quae
612 2957 713 3050 capiti
735 2953 889 3050 imposita
916 2975 1059 3048 gestant.¹
1112 2958 1199 3038 Quas
1225 2954 1328 3048 puel-

247 3080 295 3146 las
321 3081 556 3173 Ari-hephoras
579 3082 647 3148 sive
672 3080 880 3172 Erscphoras
904 3102 974 3146 esse
996 3078 1181 3145 Muellerus
1206 3081 1328 3145 rectis-

249 3206 331 3270 sime
367 3202 562 3286 contendit,
596 3205 675 3298 quia
710 3203 938 3295 lexicographi
963 3197 1179 3286 ²⁵)1disertis
1214 3203 1326 3268 verbis

246 3325 404 3406 tradunt,
420 3327 663 3418 ¹ar1·hephoras
696 3326 796 3399 fuisse
831 3324 913 3390 duas
944 3323 1072 3418 puellas
1109 3297 1238 3417 septem
1270 3323 1326 3390 acl

247 3449 405 3516 undecim
427 3471 590 3515 annorum
618 3473 703 3542 quae
728 3447 832 3540 peplo
859 3449 1030 3516 Minervae
1055 3473 1184 3514 ssorum
1209 3465 1327 3514 texue-

244 3573 322 3670 ι’ἰιιῐ.Ι
374 3573 477 3643 Cuius
513 3573 625 3666 operis
659 3590 775 3664 quum*
796 3572 901 3640 socias
934 3571 1097 3636 haberent
1126 3567 1320 3652 sacerdotes

211 3697 214 3706 ’
244 3696 415 3765 Minervae
439 3689 490 3786 ²⁶)
523 3694 614 3768 haud
652 3696 776 3764 absone
811 3693 930 3794 aliquis
958 3693 1164 3804 suspicetur,
1205 3689 1327 3774 atriis-

252 3855 500 3872 —n-u—-ss——u—-u

279 3957 325 4025 al)
344 3957 408 4025 Cap,
427 3957 461 4009 11.
479 3975 505 4008 n.
530 3975 568 4014 ιι.

282 4055 328 4122 as)
349 4053 435 4118 Etym.
456 4053 491 4103 Μ,
510 4061 538 4104 et
556 4051 684 4120 Harpocr.
701 4069 721 4100 s.
740 4068 764 4100 v.
782 4046 965 4120 Ἀῤῥηφόροι.
984 4048 1016 4098 cs.
1034 4047 1111 4102 Pana.
1129 4049 1149 4110 l,
1164 4063 1207 4117 ²7·
1226 4047 1253 4114 4.

274 4153 319 4218 26)
341 4134 426 4214 Etyin.
444 4149 481 4199 Μ.
507 4167 527 4197 s.
551 4165 575 4198 v.
604 4149 736 4200 Xuluctn.
779 4146 856 4197 Plura
881 4143 914 4195 de
932 4143 1052 4195 Chalccis
1084 4139 1134 4195 vid.
1156 4159 1198 4210 ap.
1221 4142 1324 4192 Meurs.

342 4233 625 4300 Lectt.Att.1v,2t.
671 4279 674 4288 .
