2906 4882
543 413 810 480 -rur-

132 607 298 686 caverint,
333 603 520 700 quidquam
540 604 683 674 affertur.
737 601 837 698 Quod
861 605 888 671 si
915 607 1102 684 statuimus,
1143 605 1206 672 hae

131 732 280 798 feminae
306 728 552 823 hydriaphorae
587 728 761 796 habendae
784 745 878 810 sunt,
911 753 992 820 quas
1025 728 1207 821 scriptores

131 878 202 921 nno
231 879 289 920 ore
313 852 448 920 tradunt
464 849 495 936 6)
523 877 639 920 uxores
662 853 761 919 luisse
786 849 1026 944 inquilinorum
1049 851 1107 944 qui
1123 874 1208 918 uon-

130 979 276 1048 nisibis
302 978 517 1046 inferioribus
542 977 738 1044 muneribus
763 975 954 1068 fungentes,
979 999 1124 1068 pompae
1148 975 1209 1040 Pa·-

131 1103 355 1170 nethenaicae
377 1103 559 1194 participes
586 1117 689 1170 erant.
741 1101 834 1182 Quae
861 1123 964 1192 quum
989 1097 1032 1166 ita
1058 1099 1134 1179 sint,
1159 1098 1208 1164 se-

130 1227 233 1294 minis
256 1225 322 1292 illis
345 1226 470 1317 optime
497 1249 533 1292 se
558 1219 792 1318 adiunguntt)
818 1246 876 1290 eae
891 1246 1045 1315 quarum
1064 1221 1210 1314 scripto-

131 1375 191 1418 res
218 1347 423 1442 plerumque
456 1373 520 1414 una
553 1373 631 1415 cum
654 1345 890 1441 hydriaphoris
921 1346 1129 1414 mentionem
1161 1345 1209 1412 fa-

134 1475 245 1542 ciunt:
276 1471 514 1568 scirdephoras
533 1467 563 1556 ⁸)
602 1469 702 1551 dico,
744 1471 811 1536 sire
848 1467 933 1538 filias
969 1467 1210 1562 inquilinorum

133 1621 223 1690 quae
249 1594 416 1662 umbellas
444 1597 480 1664 in
504 1620 629 1690 pompa
662 1611 799 1687 portare
827 1609 961 1664 coactae
985 1611 1086 1660 erant
1137 1590 1209 1675 Setl

134 1719 223 1788 duae
249 1735 376 1788 tantum
399 1717 519 1787 harum
554 1743 613 1788 sex
647 1716 944 1810 sciadephorarum
971 1717 1118 1810 quaein
1143 1717 1211 1794 Ζο·Ι

133 1845 245 1936 phoro
281 1843 408 1910 effictae
443 1862 636 1936 apparent,
678 1841 843 1910 umbellas
887 1866 969 1934 quas
1010 1840 1209 1932 cogitatione

133 1969 288 2034 accurate
321 1965 422 2048 nobis
442 1961 572 2060 lingere
594 1989 664 2034 non
687 1991 883 2059 possumus,
912 1965 1076 2058 spectanti
1101 1981 1211 2034 osten·

134 2085 230 2156 dunt.

231 2212 301 2278 lam
327 2235 430 2306 quum
462 2210 504 2276 in·
529 2212 591 2278 hac
622 2212 774 2305 Zophori
807 2209 975 2280 orientalis
1009 2228 1105 2304 parte
1131 2227 1210 2276 ante

130 2332 372 2428 sciadephoras
397 2357 457 2400 sex
479 2335 566 2401 viros
593 2337 834 2429 conspiciamus
852 2329 887 2426 9)
911 2337 970 2429 qui
994 2357 1063 2402 non
1086 2358 1209 2427 proce-

135 2456 241 2539 dunt,
279 2457 339 2526 sed
365 2460 470 2552 quieti
493 2477 597 2540 stant,
629 2458 729 2526 facile
753 2478 904 2553 apparet,
927 2457 1003 2526 illas
1028 2457 1210 2550 inquilino-

136 2607 215 2648 rum
239 2581 322 2650 filias
349 2580 511 2649 umbellas
543 2600 717 2676 portantes
747 2607 891 2677 pompae
926 2581 1056 2650 initium
1086 2582 1210 2650 fauere.

137 2707 224 2773 Nam
249 2705 284 2772 hi
314 2705 375 2772 riri
403 2694 532 2797 palliati
565 2710 622 2800 qui
652 2733 805 2801 magnam
834 2725 965 2800 partem
995 2723 1101 2774 aetate
1129 2729 1211 2798 pro-

134 2828 223 2896 vecti
250 2803 426 2907 videntur,
464 2827 571 2922 longis
597 2831 783 2900 innituntur
807 2830 936 2900 baculis
969 2847 1002 2898 et
1026 2853 1214 2898 sermonem

136 2954 227 3018 inter
254 2977 289 3018 se
317 2950 501 3019 conserunt.
559 2953 712 3022 Fortasse
738 2952 858 3049 aliquis
886 2956 982 3022 etiam
1007 2953 1069 3024 hos
1096 2949 1213 3020 credat

136 3101 210 3143 esse
237 3074 425 3143 sacerdotes
451 3071 679 3171 (ἱεροποιούς)
693 3129 702 3161 ,
728 3077 791 3146 sed
817 3103 921 3173 quum
946 3079 982 3146 iu
1007 3077 1104 3144 huius
1129 3074 1211 3144 late-

135 3200 183 3268 ris
213 3176 309 3290 parte
346 3200 598 3292 septentrionali
633 3221 789 3294 quattuor
818 3201 941 3270 similes
979 3202 1041 3268 viri
1072 3217 1209 3279 exstent,
1266 3181 1269 3188 Ι

138 3311 328 3414 qui'acque
350 3340 449 3417 atque
474 3325 509 3390 hi
535 3349 645 3419 prope
680 3325 763 3420 deoq
789 3325 945 3394 sedentes
971 3343 1072 3407 stant,
1106 3325 1210 3390 maio-

137 3469 210 3512 rem
234 3445 303 3512 veri
329 3447 478 3537 speciem
501 3448 613 3531 habet,
641 3449 762 3518 decem
784 3453 903 3519 aerarii
925 3449 1123 3543 praefectos,
1150 3448 1209 3542 qui

136 3570 297 3661 pecunias
331 3571 502 3637 Minervae
528 3572 659 3640 Poliadi
694 3599 801 3642 sacras
828 3577 863 3642 in
896 3599 973 3642 arce
1004 3553 1210 3640 Athenairum

133 3758 405 3772 μ-ῌ

186 3853 215 3920 6)
235 3851 293 3902 Poll
324 3851 366 3916 tlt,
386 3855 411 3905 5.
431 3853 465 3903 cl'.
478 3851 591 3918 Hesych.
611 3869 664 3903 av.
677 3851 857 3924 ΤιΙριαφὸροι.
879 3854 925 3906 Ste
944 3852 1025 3906 Croix
1044 3854 1062 3909 Ι.
1072 3854 1090 3904 Ι.
1108 3869 1134 3922 p.
1152 3854 1209 3907 182.

189 3947 217 4017 7)
236 3947 283 4014 Ap.
305 3947 466 3999 Lenormmrt
485 3947 523 4015 pl.
544 3947 588 4006 tx,
608 3949 633 4005 3.
828 3961 832 3968 “

186 4043 214 4110 8)
235 4041 385 4093 Demetrius
406 4050 433 4093 et
449 4042 654 4111 Theophrastus
678 4058 721 4110 ap.
743 4039 898 4112 Harpocrat.
919 4059 939 4094 s.
962 4059 986 4096 v.
1005 4041 1206 4112 Σκαφηφόροι.

231 4129 265 4178 cs.
285 4131 361 4181 Petit.
378 4131 457 4198 Legg.
476 4131 531 4182 Au.
552 4147 578 4198 p.
599 4133 641 4182 25.
686 4141 690 4150 “

183 4221 212 4292 9)
233 4223 296 4276 Brit·
314 4225 383 4284 Mus.
403 4243 429 4278 n.
454 4243 489 4296 ¹7·
513 4219 896 4294 18.Len0'rmantp1.1x‚s.
917 4226 942 4294 4.
