2920 4868
564 425 813 495 ...47-

146 621 212 684 cim
241 638 274 686 et
306 621 340 686 ia
367 621 596 714 antiquissima
631 623 761 689 Atticae
792 621 931 689 historia
962 638 997 688 et
1027 623 1170 688 maxime
1207 625 1244 690 in

140 743 321 818 Minervae
355 743 476 812 sabulis
513 768 679 838 persaepe
715 745 882 829 inveniri3
935 741 1115 812 duodecim
1151 747 1241 812 enim

147 839 338 958 anaglypha
364 890 450 959 quae
480 890 629 958 pugnam
654 864 834 958 Gigantum
859 862 1060 947 ostendunt,
1094 867 1245 938 continet

143 986 269 1082 peplos
305 986 364 1055 ille
393 990 565 1056 Minervae
589 986 813 1070 Drasdensis,
845 1011 948 1081 quam
971 986 1145 1056 Poliadem
1170 1014 1244 1058 esse

137 1109 210 1180 ‚alio
240 1109 318 1178 loco
344 1109 668 1194 demonstrabimus,
710 1128 810 1204 atque
844 1109 1026 1179 duodecim
1058 1110 1148 1179 oleas
1173 1112 1243 1179 Mi-

138 1259 269 1304 nervae
293 1231 424 1300 Poliadi
449 1257 558 1300 sacras
595 1235 632 1301 in
666 1257 743 1302 arce
766 1233 974 1301 Athenarum
998 1233 1120 1317 fuisse,
1157 1233 1242 1328 legi-

137 1383 220 1426 mus
248 1355 339 1449 apud
365 1354 505 1424 Suidam
526 1349 582 1446 Ι7).
635 1356 750 1449 ltaque
775 1381 882 1449 quum
898 1355 1068 1450 Apollinis
1092 1356 1240 1450 plurima

96 1536 97 1550 ,
144 1479 230 1546 festa
254 1505 320 1572 per
344 1496 474 1571 septem
499 1478 571 1548 dies
598 1477 809 1561 duraverint,
841 1478 981 1547 forsitan
1004 1478 1097 1547 haud
1118 1481 1244 1575 inepte,

144 1603 376 1668 Panathenaea
412 1621 553 1695 unaque
580 1627 645 1695 per
666 1600 848 1670 duodecim
880 1601 952 1670 dies
980 1603 1147 1690 celebrata
1172 1629 1245 1673 esse

145 1719 326 1788 credimus.
392 1725 504 1816 Atque
531 1749 637 1817 quum
661 1724 864 1817 argumentis
897 1723 1002 1794 allatis
1037 1725 1135 1796 facile
1161 1751 1245 1796 con-

143 1842 306 1928 cedatur,
348 1863 507 1948 utrasque
532 1846 632 1912 ferias
666 1869 735 1913 uno
771 1844 959 1940 eodemque
991 1865 1144 1943 tempore
1170 1869 1243 1918 acta

146 1995 240 2051 esse,
266 1967 478 2036 statuendum
498 1989 566 2051 est,
599 1986 634 2036 et
659 1974 793 2036 maiora
817 1985 852 2036 et
877 1975 1015 2038 minora
1038 1997 1061 2040 a
1085 1971 1143 2040 die
1167 1977 1245 2044 He.

146 2091 404 2160 catombaeonis
434 2093 605 2164 XVIImo
642 2117 746 2185 usque
778 2091 828 2159 ad
860 2092 960 2160 huius
992 2102 1119 2164 mensis
1151 2097 1244 2166 diem

146 2219 258 2288 XXV
253 2217 411 2284 IIImum
444 2217 488 2282 ab
523 2214 793 2286 Atheniensibus
826 2214 1050 2284 eduodecim
1077 2224 1181 2310 pagis
1206 2227 1245 2288 in

145 2363 252 2406 unam
278 2339 394 2406 urbem
415 2339 566 2407 collectis
584 2353 731 2431 peracta
754 2361 838 2409 esse.
887 2337 1008 2430 Neque
1032 2340 1116 2406 mira
1136 2339 1244 2408 videri

146 2483 260 2558 potest
283 2465 368 2531 haec
400 2465 592 2532 coniectura
619 2461 862 2542 consideranti,
903 2485 1067 2556 quaenam
1097 2463 1140 2529 sit
1166 2488 1245 2531 vera

146 2587 246 2658 huius
268 2588 343 2655 sesti
367 2586 499 2680 publici
534 2585 668 2654 indoles
703 2557 801 2679 atque
827 2603 962 2666 natura,
994 2586 1123 2678 quippe
1150 2585 1245 2679 quod

144 2709 353 2804 peculiarem
392 2711 459 2778 vim
500 2735 593 2776 suam
627 2711 722 2804 pagis
750 2707 886 2774 demum
917 2709 953 2774 in
991 2731 1092 2775 unam
1123 2710 1244 2776 urbem

146 2835 335 2902 coniunctis
361 2834 538 2926 acceperit
589 2831 708 2924 Neque
732 2831 872 2898 minoris
896 2832 933 2896 in
957 2830 1045 2896 hanc
1071 2855 1144 2898 rem
1168 2856 1243 2900 mo-

145 2957 252 3028 menti
276 2976 353 3025 sunt
367 2955 554 3050 permultae
580 2952 658 3021 illac
683 2977 736 3020 res
760 2979 846 3047 quac
868 2955 904 3019 in
925 2953 977 3020 his
994 2952 1086 3022 feriis
1107 2954 1240 3024 fiebant.

146 3081 345 3150 Certabatur
366 3081 468 3161 enim,
491 3097 528 3147 ut
551 3102 643 3145 nunc
668 3077 816 3144 breviter
834 3093 963 3144 tantum
987 3076 1046 3146 has
1073 3102 1128 3144 res
1155 3103 1239 3146 enu-

145 3231 286 3287 merem,
311 3203 399 3271 ludis
427 3204 649 3296 equestribus,
674 3201 848 3296 gymnicis,
873 3201 1008 3268 musicis
1034 3204 1116 3270 varii
1139 3227 1241 3296 gene·

145 3332 211 3411 ris,
235 3324 447 3420 lampadibus
470 3325 676 3406 currebatur,
701 3321 866 3417 rhapsodi
891 3323 1079 3392 recitabant
1099 3325 1241 3404 ‚Homeri

147 3451 358 3543 aliorumque
391 3468 568 3544 poetarum
605 3449 780 3542 epicorum
819 3447 987 3530 carmina,
1027 3445 1242 3540 disputabant

145 3574 365 3670 philosophi,
407 3570 571 3665 gallorum
610 3570 790 3636 certamina
814 3568 1043 3650 habebantur,
1078 3565 1248 3640 sacrificia'

147 3699 350 3794 quibuscum
376 3696 526 3763 convivia
548 3717 642 3760 sacra
668 3693 847 3760 coniuncta
872 3710 984 3772 erant,
1017 3692 1164 3776 fiebant,
1191 3714 1238 3762 at·

147 3846 214 3913 que
249 3819 366 3887 ultimo
402 3801 710 3884 Panathenaebrum
746 3816 910 3881 maiorum
950 3812 1005 3882 dia
1043 3814 1164 3908 peplos
1202 3820 1238 3886 iu

147 3969 259 4011 arcem
282 3941 463 4022 serebatur,
488 3939 579 4008 unde
605 3964 674 4009 non
699 3939 821 4006 mirum
847 3957 911 4022 est,
938 3937 1032 4033 quod
1058 3941 1237 4036 scriptores

148 4115 263 4124 nm·
273 4115 285 4120 -
289 4114 320 4120 --
324 4111 394 4119 -—-

186 4215 229 4286 ¹7)
246 4230 268 4271 s.
286 4229 312 4268 r.
331 4214 450 4284 Μορίαι.
