2920 4868
641 413 985 494 ...'16...

219 621 263 686 ita
290 615 438 712 quidem,
461 619 574 686 uthis
596 622 728 712 negotia
754 639 930 688 cessarent.
981 618 1086 691 Sicuti
1112 627 1221 690 autem
1239 642 1307 692 tota

218 741 424 840 Graecorum
463 740 580 834 religio
625 768 740 810 sensus
782 743 955 810 bominum
992 746 1104 842 magis*
1138 749 1305 829 movebat,

217 891 317 956 quam
339 867 458 934 mentis
486 867 716 958 cogitationes,
747 868 792 934 ita
819 869 917 933 etiam
948 865 1068 934 diebus
1102 866 1209 934 sestis-
1227 871 1306 960 qui-

213 989 276 1054 bus
299 1015 391 1056 sacra
417 991 557 1056 cuiusvis
583 992 714 1082 generis
736 991 877 1072 fiebant,
911 993 1303 1074 animum'remittebant,

204 1114 341 1205 ‘quippe
367 1127 472 1206 qu'um
495 1137 571 1180 cum
591 1111 654 1205 diis
680 1111 830 1180 colendis
848 1113 983 1193 delicias
1009 1114 1180 1196 humanas,
1206 1117 1303 1192 verbi

213 1255 327 1298 caussa
353 1231 450 1300 ludos
478 1235 628 1336 steenicos
654 1234 915 1326 gymnicosque,
941 1232 1129 1302 saltationes
1153 1235 1302 1330 aliasque

209 1351 247 1430 id
271 1378 376 1446 genus
391 1354 576 1449 voluptates
598 1358 848 1446 coniungerent
898 1356 948 1422 Ex
975 1359 1189 1450 antiquorum
1206 1361 1299 1435 enim

120 1478 123 1484 ’
207 1473 413 1568 populorum
437 1481 598 1546 sententia
622 1477 715 1548 nullo
738 1495 836 1571 pacto
861 1476 934 1544 fieri
959 1497 1108 1571 poterat,
1135 1498 1172 1548 ut
1197 1484 1300 1548 sacri·-

200 1599 292 1668 'ficiis
324 1601 551 1696 precibusque
584 1605 705 1679 otium,
729 1600 908 1694 replerent.
976 1603 1046 1668 Etsi
1081 1604 1171 1668 enim
1207 1602 1300 1670 idem

207 1747 309 1814 quem
333 1723 436 1792 modo
457 1724 589 1792 laudavi
622 1728 766 1818 scriptor
801 1727 1032 1793 remissionem·
1062 1715 1164 1793 anitui
1198 1752 1300 1793 ane-

206 1849 305 1939 gotiis
327 1849 481 1917 humanis
504 1850 672 1918 abducere
699 1869 797 1943 atque
824 1849 866 1918 ad
897 1875 950 1918 res
974 1850 1101 1918 divinas
1126 1875 1187 1918 nos
1214 1875 1297 1922 cone

205 1989 335 2038 vertere
359 1972 460 2056 dicit,
497 1970 608 2042 tam'en
642 1975 726 2042 haec
752 1975 854 2041 verba
890 1997 959 2040 nou
999 1976 1044 2040 ita
1077 1972 1296 2066 intelligenda

204 2113 299 2175 sunt,
330 2115 381 2164 ·ut
406 2097 447 2164 ab
473 2097 525 2190 bis
559 2097 660 2172 rebus
686 2095 806 2164 divinis
837 2093 974 2162 delicias
1008 2095 1294 2162 omnino'alienas
1348 2139 1350 2146 ·

203 2214 305 2284 fnisse
332 2217 458 2286 credas.
522 2218 648 2284 Omnes
674 2220 763 2284 enim
788 2241 841 2284 res
867 2218 1047 2299 humanas,
1082 2218 1164 2309 quin
1195 2221 1296 2286 etiam
1327 2221 1329 2228 ’

202 2338 322 2430 gaudia
345 2339 572 2434 libidinesque
599 2365 684 2434 quae
711 2340 863 2431 corporis
886 2363 1001 2406 sensus
1027 2358 1181 2448 moveqt,
1217 2367 1293 2408 cum

203 2458 344 2531 deorum
367 2462 458 2530 cultu
482 2489 502 2528 a
528 2461 665 2530 Graecis
690 2463 735 2528 ita
763 2462 954 2528 coniunctas
987 2483 1058 2526 esse
1081 2479 1226 2545 constat,
1259 2484 1296 2532 ut
1379 2495 1383 2511 ·

200 2583 372 2657 nonnullis
395 2583 514 2650 diebus
536 2583 627 2652 festis
654 2569 806 2677 corporis
825 2601 953 2650 tantum
976 2581 1201 2676 voluptatibus
1220 2613 1292 2654 sese

202 2704 329 2772 darent.
380 2706 498 2798 Neque
528 2689 633 2770 ullum
668 2703 739 2770 lere
776 2704 899 2772 festum
930 2730 950 2770 a
975 2703 1113 2784 Graecis
1140 2705 1293 2774 celebra-

201 2848 271 2895 tum
294 2831 461 2911 invenies,
490 2852 557 2923 quo
585 2827 665 2895 deos
688 2827 857 2895 sacrificiis
884 2846 1011 2895 tantum
1047 2826 1098 2894 vel
1124 2833 1292 2921 precatio-

199 2953 297 3036 nibus
324 2951 491 3033 colerent,
527 2977 632 3044 quum
655 2952 753 3017 etiam
777 2954 812 3016 in
838 2953 939 3048 sacris
974 2947 1135 3015 faciendis
1170 2953 1290 3043 epula'e

198 3073 414 3142 haberentur.
479 3074 598 3168 Neque
621 3099 700 3144 vero
734 3099 849 3143 omnes
893 3072 963 3138 dies
997 3067 1073 3138 festi
1103 3071 1159 3139 tali
1185 3077 1287 3145 modo

200 3186 472 3279 celebrabantur,
494 3216 531 3265 ut
556 3223 671 3265 sensus
696 3196 837 3296 marique
863 3197 1061 3276 excitarent,
1095 3195 1156 3262 sed
1182 3198 1288 3291 pleri-

199 3346 265 3412 que
306 3319 349 3390 ad
386 3319 573 3414 simplicem
615 3320 756 3388 deorum
796 3319 1042 3386 venerationem
1081 3321 1287 3411 spectabant.

196 3445 279 3512 Nam
304 3471 322 3512 a
344 3443 550 3540 singulorum
576 3444 717 3512 deorum
752 3441 867 3510 indole
904 3441 1022 3508 modus
1062 3465 1130 3534 quo
1165 3443 1286 3510 festum

197 3587 364 3662 ageretur,
387 3567 609 3662 dependebat.
659 3570 747 3634 Ante
773 3565 883 3634 omnia
906 3587 984 3632 vcro
1019 3564 1139 3630 artium
1161 3563 1287 3632 libera·

196 3689 280 3758 lium
305 3695 494 3767 exercitatio
533 3712 571 3760 ut
596 3715 674 3759 cum
708 3708 777 3759 toto
812 3687 956 3755 deorum
990 3686 1096 3767 cultu,
1135 3688 1180 3753 ita
1207 3713 1285 3755 cum

196 3813 286 3882 lestis
312 3816 449 3910 agendis
482 3816 698 3894 cohaerebat,
742 3837 827 3907 quae
859 3837 913 3878 res
935 3811 1049 3878 ‘sacris
1075 3808 1284 3878 Graecorum

195 3911 347 4034 magnam
379 3940 535 4032 praebuit
566 3937 814 4005 iucunditatem.
885 3934 985 4004 Unde
1029 3935 1126 4000 etiam
1162 3933 1283 4004 Strabo

196 4065 354 4128 enarratis
380 4063 419 4128 iis
442 4055 578 4143 rebus,
607 4062 802 4154 praesertim
833 4060 958 4126 artibus
990 4081 1074 4149 quae
1114 4055 1156 4122 ad
1191 4083 1284 4125 sacra

196 4185 322 4278 agenda
349 4185 400 4254 vel
424 4183 629 4252 necessariae
655 4185 742 4268 sint,
783 4181 834 4252 vel
864 4181 1005 4250 multum
1038 4177 1079 4244 ad
1115 4206 1151 4249 ea
1188 4206 1285 4249 exor-
