2936 4868
424 437 462 538 -.'
681 445 925 519 --sa--=

235 635 351 712 ''rlbus
378 643 413 708 iu
437 636 613 734 superficie
639 641 741 709 rubra
765 643 891 736 pictam
922 645 1047 735 optime
1074 644 1171 710 nobis
1194 641 1238 711 ob
1265 667 1349 710 ocu-

260 765 310 832 los
336 764 440 858 ponit.
492 761 774 846 Quamnondum
799 761 922 831 editam
948 782 981 831 et
1001 766 1110 848 minus
1128 783 1240 832 uotam
1262 793 1348 861 pau-

259 891 306 955 cis
325 885 563 954 describemus.
613 886 654 952 ln
674 885 778 954 latere
796 868 934 956 adverso
955 886 1106 956 videmus
1129 889 1172 956 ad
1194 888 1346 958 dextram

260 1011 455 1104 spectatoris
481 1029 611 1102 partem
635 1011 822 1078 Minervam
846 1013 959 1080 tunica
982 1012 1156 1107 peploque
1181 1013 1344 1096 indutam,

259 1155 344 1227 quae
375 1157 474 1200 mauu
513 1135 641 1200 sinistra
681 1135 849 1228 ingentem
884 1135 1040 1229 clypeum
1078 1155 1194 1204 tenens
1229 1136 1345 1204 dextra

257 1258 522 1326 ltastam'vibrat.
574 1259 689 1350 Itaque
716 1257 778 1324 dea
804 1257 924 1326 eodem
949 1258 1049 1351 plane
1075 1277 1158 1326 stam
1182 1279 1239 1342 est,
1263 1288 1347 1353 qua·

204 1403 213 1418 '
256 1381 324 1449 lem
347 1383 527 1475 amphorae
561 1403 659 1448 sensu
694 1384 891 1450 accuratiori
916 1375 1177 1450 Panathenaicis
1210 1401 1347 1451 vocatae

256 1508 360 1597 nobis=
381 1507 566 1599 praebent3
601 1504 691 1575 unde
716 1525 749 1574 et
773 1507 864 1572 hunc
896 1523 1015 1574 statum
1038 1507 1257 1600 habitumque
1280 1509 1347 1574 Mi-

256 1630 378 1706 nervae
396 1601 654 1696 Panathenaicae
671 1631 849 1722 proprium
872 1647 904 1696 et
920 1617 1125 1721 peculiarem
1151 1647 1184 1696 et
1204 1630 1361 1722 ampho'

257 1777 331 1818 ram
355 1771 503 1820 nostram
536 1775 666 1819 summo
701 1754 773 1818 iure
797 1751 850 1817 -ad
875 1751 1104 1820 Panathenaea
1129 1731 1343 1818 referendam

183 1889 185 1893 '
259 1869 341 1964 esse
357 1893 505 1968 apparet.
574 1877 665 1958 Quae
700 1869 837 1968 quidem
871 1901 925 1942 res
952 1875 1167 1942 confirmatur
1199 1894 1232 1942 et
1266 1875 1347 1941 reli·
1392 1857 1395 1864 Δ

259 1969 336 2091 quis·
357 1997 455 2064 huius
481 1999 631 2091 imaginis
661 1998 775 2092 figuris
810 2017 843 2066 et
866 1999 977 2064 rebus.
1040 1999 1127 2064 Ante
1159 1999 1344 2066 Minervam

255 2123 348 2192 onim
375 2123 597 2214 conspicimus
627 2148 717 2189 aram
742 2124 826 2190 saxis
859 2120 1029 2216 quadratis
1056 2139 1276 2188 constructam
1301 2121 1344 2188 ad

254 2242 358 2338 'quam
380 2244 511 2313 accedit
534 2245 709 2328 sacerdos3
746 2271 831 2339 quae
866 2267 974 2312 sacras
1010 2243 1147 2311 frondes
1182 2247 1250 2311 sine
1276 2244 1339 2314 du-

257 2370 315 2436 bio
342 2368 507 2463 oleaginus
532 2370 719 2438 Minervam
743 2395 854 2466 versus
879 2368 975 2436 tollit.
1045 2371 1123 2435 Post
1162 2379 1258 2462 quam
1294 2394 1345 2436 sa·

258 2490 431 2559 cerdotcm
456 2482 601 2559 utribus
626 2493 800 2560 iuvenibus
823 2491 902 2558 fune
925 2491 1058 2559 ducitur
1077 2471 1225 2572 ¹victima,
1245 2513 1344 2584 quam

255 2613 379 2680 «bovem
404 2637 477 2690 esse
500 2635 751 2709 apparet‚·non
774 2641 925 2698 vaccam,
964 2631 1002 2682 ut
1027 2615 1165 2682 credere
1190 2615 1345 2682 videntur

257 2733 442 2805 Muellerus
469 2754 502 2803 et
527 2736 729 2806 Gerhardus.
794 2739 926 2806 Etenim
961 2755 993 2805 et
1024 2740 1125 2814 boves
1162 2742 1253 2805 iuxta
1280 2739 1346 2804 Mi-

252 2885 393 2927 nervam
419 2879 540 2928 stantes
572 2888 628 2929 vas
651 2864 761 2932 Musei
794 2865 878 2955 regii
900 2863 1092 2929 Parisiensis
1124 2863 1221 2960 nobis
1248 2885 1352 2954 praef

255 2969 329 3064 het,
365 3002 398 3051 et
422 2971 514 3078 apud
538 2986 722 3053 Homerum
744 2980 789 3077 ¹²)
822 2975 991 3051 Mineruae
1018 2984 1145 3051 Poliadi
1177 2989 1343 3052 Troianae

257 3104 359 3174 boves
385 3108 619 3176 sacrificantur.
669 3109 789 3204 Neque
805 3131 892 3174 uero
919 3133 993 3172 cum
1020 3107 1171 3173 Parioslsa
1195 3103 1238 3191 ¹³)
1264 3134 1342 3174 sen·

256 3229 320 3298 tire
355 3247 493 3324 possum
529 3235 595 3326 qui‘
630 3235 716 3302 hanc
749 3217 896 3300 belluam
922 3221 1112 3326 symbolum
1141 3257 1245 3325 aquae
1272 3253 1344 3300 esse

256 3373 386 3437 censet,
428 3355 490 3430 sed
521 3381 539 3423 e
565 3375 682 3427 nature
719 3358 890 3425 Minervae
925 3354 1073 3425 Poliudis
1106 3379 1205 3447 quam
1239 3379 1341 3447 supra

255 3477 453 3580 posuimus,
493 3479 604 3574 colligi
636 3479 734 3561 licet,
772 3479 893 3546 bovem
929 3475 972 3544 ed
1004 3477 1205 3546 fertilitatem
1232 3497 1341 3544 terreo
1380 3481 1388 3504 ‘

257 3601 419 3684 alicuius,
468 3587 580 3698 itaque
618 3606 693 3686 ,hoc
727 3602 813 3672 'loco
861 3621 970 3670 terrae
1016 3602 1143 3669 Atticus
1190 3600 1342 3668 toleren-

256 3721 336 3790 dum
375 3750 455 3793 esse.
972 3741 993 3772 ·'

225 3817 228 3840 t

488 3890 521 3899 -ι

294 3983 336 4044 12)
355 3978 386 4028 ιι.
404 3977 449 4028 vt
470 3981 511 4048 93.

293 4063 335 4131 13)
355 4061 422 4116 Mus.
445 4063 558 4115 tursolt.
582 4081 605 4132 1³⁴
625 4065 667 4117 68.
689 4083 715 4116 n.
736 4083 761 4119 a,
788 4087 796 4096 =

702 4270 894 4285 Μ
