2906 4882
521 452 766 522 -95-

95 647 273 726 rhicham,
309 648 516 716 saltationem
553 647 644 716 illam
678 667 854 730 armatam,
891 673 993 742 quam
1011 645 1063 715 ¹ab
1094 649 1176 744 Epi-

97 772 239 838 charmo
260 767 291 856 8)
316 771 471 838 Minerva
497 776 568 865 ipsa
595 773 777 840 Dioscuros
803 771 958 840 docuisse
984 771 1117 854 dicitur,
1142 775 1178 839 in
1251 839 1254 844 ,

95 895 342 962 Panathenaeis
374 895 521 962 saltatam
555 919 626 962 esse
659 897 781 962 seimus
798 893 829 980 9)
866 913 966 988 atque
993 897 1107 989 Lysias
1144 900 1179 963 in

97 1018 342 1084 Panathenaeis
368 1019 553 1086 minoribus
580 1037 612 1085 et
637 1017 702 1086 hoc
727 1017 829 1086 modo
856 1011 1007 1086 saltatum
1040 1036 1073 1086 et
1099 1022 1180 1086 cho-

97 1165 158 1208 ros
184 1139 261 1208 illos
283 1139 416 1208 habitos
443 1166 514 1210 esse
537 1140 627 1208 dicit.

105 1285 121 1318 ο
202 1261 330 1330 Eadem
350 1281 461 1330 autem
484 1289 538 1332 res
563 1263 605 1330 dc
631 1263 695 1332 alio
722 1264 863 1332 saltandi
889 1290 1012 1358 genere
1033 1267 1093 1332 etsi
1114 1289 1184 1333 non

100 1411 168 1482 pro
196 1405 290 1454 certo
317 1388 486 1470 affirmari,
512 1413 641 1454 summo
667 1406 778 1454 tamen
803 1390 876 1454 iure
903 1389 1022 1457 eoniici
1056 1406 1182 1482 potest,

103 1509 200 1604 quod
225 1535 328 1604 genus
356 1512 408 1576 cui
434 1537 558 1578 nornen
583 1507 729 1606 γέρανος
747 1509 790 1594 ¹⁰)
818 1530 904 1593 erat,
928 1513 1081 1579 Theseus
1108 1537 1183 1580 cum

102 1636 205 1701 sociis
232 1636 298 1700 suis
325 1635 360 1698 in
374 1627 463 1700 Delo
489 1632 597 1700 insula
624 1636 713 1702 eirca
731 1659 820 1700 aram
843 1633 977 1701 saltasse
1004 1636 1110 1701 sertui·
1129 1633 1184 1720 ¹¹).

104 1758 341 1850 Conspicimus
369 1759 459 1824 enim
488 1758 523 1822 in
548 1758 709 1850 amphora
722 1759 963 1825 Panathenaica
978 1758 1101 1845 (Musei
1115 1783 1185 1851 reg.

104 1879 256 1948 Berolin.
278 1906 312 1946 n.
327 1873 430 1970 649),
459 1883 550 1948 cuius
568 1881 652 1949 latus
670 1905 818 1948 aversum
837 1881 1068 1949 citharoedum
1082 1882 1187 1950 victo·

104 2029 183 2071 rem
219 2004 375 2085 exhibet,
414 2027 529 2098 gruem
565 2005 653 2070 iuxta
687 2005 859 2071 Minervae
896 2005 1004 2097 pedes
1035 2024 1185 2097 stantem.

107 2130 192 2212 Quo,
208 2129 309 2220 igitur
333 2126 397 2196 alio
423 2125 525 2194 modo
552 2127 636 2194 haec
657 2129 724 2194 avis
750 2127 910 2220 explicari
932 2145 1060 2220 potest,
1087 2125 1187 2222 q'uam

106 2253 136 2318 si
158 2275 232 2318 earn
255 2277 330 2318 cum
354 2250 465 2318 lateris
490 2253 595 2318 aversi
622 2249 817 2317 citharoedo
843 2251 887 2318 ita
917 2251 1187 2343 coniungendam

110 2401 184 2442 esse
210 2376 403 2455 statuimus,
429 2391 466 2441 ut
489 2375 552 2440 liae
576 2399 614 2440 ex
637 2398 674 2438 re
702 2371 906 2440 saltationem
934 2391 967 2440 et
992 2393 1097 2440 artem
1113 2399 1186 2440 mu-

107 2501 212 2566 sicam
238 2499 324 2566 inter
349 2523 384 2564 se
414 2522 578 2566 connexas
607 2516 641 2563 et
665 2515 756 2590 aptas
783 2519 855 2562 esse
874 2497 1062 2590 appareat?

208 2621 438 2690 Panathenaea
464 2639 573 2688 autem
593 2620 656 2687 hae
682 2644 817 2713 quoque
845 2618 889 2687 de
907 2645 1018 2688 caussa
1032 2619 1188 2687 'celebra-

108 2747 250 2826 bantur,
272 2764 309 2812 ut
332 2745 538 2810 Athenarum
559 2743 746 2810 libertatern
769 2741 1050 2836 disciplinamque
1075 2744 1189 2836 publi-

111 2866 185 2937 cani
211 2861 397 2947 tuerentur,
432 2885 466 2934 et
493 2891 695 2959 quamquam
728 2865 831 2932 multa
857 2867 954 2932 huius
985 2867 1060 2932 sesti
1092 2867 1187 2932 insti-

111 3013 181 3062 tuta
207 2994 374 3059 Pisistrato
401 3008 543 3083 tyranno
571 2988 755 3073 debentur,
783 2991 886 3079 magis
912 3006 1022 3055 tamen
1048 2991 1189 3056 heroum

111 3119 302 3184 Atticorum
328 3134 361 3182 et
376 3115 502 3208 patriae
519 3111 737 3179 liberatorum
751 3109 849 3178 laude
863 3113 1075 3192 ornabantur,
1090 3139 1190 3206 quant

115 3241 277 3310 Pisistrati
295 3240 440 3332 'eiusque
465 3236 620 3304 filiorum.
671 3233 845 3302 Harmodii
869 3236 957 3301 enim
978 3254 1010 3302 et
1029 3236 1193 3328 Aristogi-

116 3367 203 3432 tonis
240 3388 294 3428 res
330 3380 438 3454 gestae
472 3362 507 3426 iu
541 3361 606 3426 hoc
642 3359 727 3426 festo
762 3361 940 3452 quotannis
980 3360 1192 3432 canebantur.

116 3494 291 3557 Praeterea
318 3487 416 3576 etiam
438 3483 518 3550 inde
546 3485 587 3550 ab
610 3483 675 3550 hoc
698 3484 856 3549 Pisistrati
879 3501 1034 3576 tempore
1056 3484 1195 3550 Homeri
1261 3571 1265 3581 Ι

119 3613 267 3680 carmina
292 3636 310 3675 a
335 3604 512 3701 rhapsodis
528 3605 664 3699 publice
682 3606 919 3687 recitabantur,
947 3604 1039 3698 quod
1057 3605 1200 3700 quidem.

174 3947 202 4016 8)
220 3945 268 4014 tp.
289 3943 385 3996 Athen.
405 3943 450 3994 IV.
470 3962 496 4014 p.
518 3942 574 4010 184.
593 3943 622 3994 1².
644 3941 676 3994 ci.
695 3942 784 3994 Schoi.
804 3942 881 3994 Piud.
900 3941 976 4010 Pyth.
993 3944 1027 4008 lt,
1048 3959 1104 4014 ¹²7·

174 4035 205 4102 9)
223 4033 265 4082 Ar.
285 4031 353 4082 Nnh.
376 4031 429 4099 988
447 4029 511 4099 ibiq.
534 4017 628 4079 Sclaols
644 4038 671 4082 et
690 4030 809 4098 interpps

162 4122 202 4186 m)
223 4115 376 4166 Dicaearch.
396 4132 437 4183 ap.
457 4116 528 4172 Phrt.
546 4115 627 4165 Thes.
649 4131 669 4167 e.
690 4133 730 4166 at.
762 4113 824 4166 Poll.
841 4115 886 4178 IV,
909 4133 962 4170 rot.

162 4207 203 4274 tt)
225 4203 291 4256 Call.
308 4203 332 4253 h.
354 4205 380 4254 in
400 4198 458 4254 Det.
479 4204 529 4257 308
551 4217 609 4270 sqq.
683 4191 686 4200 ¹
