2920 4868
348 1075 354 1087 '
386 1059 922 1161 ΙΝΑΤΗΕΝΑῙΟΑ.

531 1331 728 1345 m-

513 1617 674 1693 CAPUT
718 1625 750 1690 1.

150 1846 289 1940 Omnes
314 1869 467 1962 antiqtis‚
505 1873 591 1941 sicut
622 1873 799 1942 cuiuslibet
831 1871 1022 1956 doctrinae,
1057 1894 1169 1968 partes

153 2013 213 2060 tem
241 2011 332 2060 arete
358 1993 449 2060 intse
476 1996 673 2062 coniunctae
700 2015 794 2077 sunt,
831 2013 868 2063 ut
901 2021 1005 2089 quum
1039 1997 1101 2066 alia
1128 2025 1169 2068 ex

151 2115 210 2182 alia
234 2115 331 2208 sequi
355 2111 455 2195 vider,
490 2137 533 2181 ne
560 2117 696 2183 minime
722 2116 861 2210 quidem
899 2137 991 2186 reete
1017 2124 1168 2216 perspici

148 2241 269 2333 possit,
296 2238 360 2306 nisi
385 2237 531 2306 semento
555 2261 623 2332 quo
642 2263 758 2307 omnes
776 2242 922 2308 nitantur
946 2240 1164 2312 considerato.

148 2363 197 2430 Ex
222 2380 291 2432 tota
316 2361 567 2430 enimaecorum
603 2359 718 2430 indole
744 2380 816 2432 orta
841 2379 919 2430 sunt
943 2389 1165 2459 quaecunque

149 2484 201 2552 vel
226 2482 365 2578 publice
390 2485 550 2574 privatim
585 2486 714 2578 legibus
750 2511 878 2580 usuque
904 2488 1028 2555 sancite
1051 2508 1165 2575 erent3

149 2632 234 2700 quae
261 2604 437 2674 indolesee
468 2606 607 2675 alierum
638 2611 785 2699 gentium
820 2610 1047 2702 antiquarum,
1078 2637 1164 2704 quae

152 2729 219 2798 sola
242 2749 361 2800 nature
382 2727 401 2794 d
421 2729 616 2810 utebantur,
654 2727 804 2800 naturam
836 2733 984 2799 innatam
1010 2757 1086 2800 cum
1111 2737 1164 2802 in-

151 2856 238 2943 genii
264 2852 420 2921 dotibusn
456 2869 533 2944 apte
560 2854 763 2934 conciliavit,
812 2873 848 2922 ut
870 2853 993 2923 Graeci
1028 2874 1061 2924 et
1085 2859 1163 2926 artis

150 2971 388 3066 literarumque
397 2975 498 3041 tribus
533 2992 567 3040 et
592 2999 670 3042 sene
694 2976 901 3068 reipublicae
928 2980 1173 3048 constitutione

151 3121 265 3164 omnes
291 3097 417 3190 entiqt's
454 3115 568 3190 gentes
595 3121 753 3190 superare
778 3119 924 3191 possent
987 3099 1162 3170 Summum

150 3239 260 3288 autem
284 3218 521 3287 enimitolendi
546 3220 713 3312 fastigium
738 3245 842 3314 quum
879 3224 916 3290 in
949 3248 988 3291 eo
1012 3227 1161 3318 positum

151 3368 221 3410 esse
247 3342 412 3412 videaturt
436 3361 553 3412 nature
588 3345 761 3412 hominum
791 3347 904 3414 innata
935 3349 1008 3440 ipse
1034 3321 1159 3440 ingenii

140 3441 268 3534 ¹natura
293 3467 368 3548 fiet,
394 3485 422 3532 tt
447 3468 580 3558 ingenio
607 3467 738 3536 exculto
764 3487 881 3536 nature
904 3470 1015 3536 innata
1038 3490 1158 3564 sponte

151 3593 323 3660 inserviat:
362 3589 430 3658 Gns
455 3591 545 3658 hunc
584 3589 626 3657 ad
651 3589 753 3658 finem
783 3588 935 3658 nondum
965 3579 1158 3683 pervenisse

152 3731 310 3810 apparet,
336 3731 500 3808 quuontra
522 3715 558 3780 in
583 3715 737 3784 omuibus
760 3735 876 3781 eorum
899 3716 1054 3784 institutis
1086 3739 1160 3786 mo·

152 3841 313 3932 ribusque
345 3839 435 3930 ingm
465 3861 484 3902 e
516 3855 633 3906 nature
658 3856 850 3930 superatum
871 3837 920 3902 sit
974 3837 1076 3904 Cuius
1108 3842 1159 3906 rei

152 3961 475 4054 argumentumretis
508 3959 721 4053 philosophia
754 3961 863 4028 afferri
889 3980 1024 4054 potest,
1071 3987 1155 4054 quae

152 4108 256 4175 quum
293 4083 418 4176 singu'n
451 4083 624 4150 hominum
656 4086 906 4152 conscientiam'
926 4085 1103 4163 excitaret,
1138 4112 1158 4148 a

152 4204 357 4276 Graecorum
388 4201 421 4274 le
457 4201 557 4298 plane
596 4205 805 4276 abhorrebat
873 4209 984 4302 Atque
1016 4207 1156 4277 sormam
