2906 4882
585 413 855 480 -133-

268 605 395 699 Peplus
423 605 494 698 ipse
521 625 588 671 non
612 603 784 670 serebatur
810 604 850 668 ab
877 602 1078 681 bominibus,
1105 601 1165 668 sed
1193 629 1247 669 su-

162 755 307 826 spensus
336 747 408 796 erat
428 730 462 794 in
488 727 575 796 malo
601 728 691 794 navis
710 719 776 811 33),
813 751 898 820 quae
926 728 1087 794 machinis
1113 728 1245 794 subter-

163 856 276 922 raneis
303 854 337 918 in
358 871 447 919 terra
478 835 758 946 promovebatur}
784 852 828 918 lta
861 869 972 918 umen
997 867 1034 916 ut
1058 851 1143 917 remi
1167 876 1242 918 eam
1275 895 1277 904 ,

159 975 381 1072 impellerent
400 976 454 1043 vel
480 974 661 1069 impellere
682 973 888 1042 viderentur
941 973 1047 1058 Quam
1072 999 1146 1042 rem
1170 998 1241 1042 non

161 1103 241 1170 satis
264 1119 417 1169 accurate
450 1102 559 1168 animo
590 1100 751 1192 effingere
782 1077 981 1192 possumus,
1022 1123 1125 1192 quum
1157 1123 1241 1191 quo-

159 1224 266 1292 modo
300 1226 473 1317 ceteroqui
509 1223 683 1292 machinae
717 1222 795 1289 illae
829 1241 863 1290 et
899 1223 989 1288 navis
1026 1241 1238 1315 comparatae

161 1349 299 1429 fuerint,
324 1351 504 1441 scriptores
530 1370 599 1413 non
621 1346 777 1426 referant
830 1347 1018 1440 incipiebat
1040 1365 1149 1414 autem
1172 1363 1238 1414 tota

161 1471 221 1540 illa
244 1467 388 1566 potn'pa,
420 1473 511 1540 cuius
538 1472 667 1536 initium
690 1469 812 1564 peplus
838 1472 970 1563 ipsein
996 1471 1071 1538 navi
1096 1494 1238 1563 suspen-

129 1595 131 1602 ’
163 1621 218 1664 sut
243 1595 363 1664 iecisse
390 1593 543 1677 videtur,
579 1611 671 1661 extra
706 1595 828 1661 urbem
861 1595 895 1661 in
921 1593 1098 1662 Ceramico
1124 1619 1235 1688 prope

160 1737 424 1805 monumentum!
443 1720 496 1786 cui
529 1743 654 1788 nomen
679 1711 881 1814 Λεωκόριον
898 1712 964 1802 ³4),
995 1716 1084 1784 unde
1116 1742 1238 1810 proce-

164 1841 267 1908 debat
292 1841 335 1907 ad
358 1841 585 1924 Eleusiniam,
608 1842 745 1910 Cereris
773 1841 953 1937 templum,
979 1844 1013 1908 in
1038 1841 1130 1912 laeva
1153 1841 1239 1910 Ilissi

160 1967 237 2060 ripa
259 1968 364 2048 situm
416 1968 502 2034 Hinc
529 1965 715 2034 ducebatur
750 1983 888 2060 praeter
921 1991 1054 2032 murum
1087 1964 1237 2061 Pelasgi·
1296 1965 1297 1972 '

161 2114 240 2156 cum
266 2107 301 2157 et
325 2087 492 2184 Apollinis
518 2089 628 2186 Pythii
650 2088 816 2186 templum
839 2087 875 2156 in
897 2091 1017 2172 forum,
1043 2091 1086 2158 ita
1111 2110 1148 2158 ut
1172 2117 1238 2185 per

160 2214 247 2279 viam
279 2214 477 2282 Hermarum
513 2217 547 2280 in
580 2239 691 2284 arcem
721 2215 927 2282 Athenarum
955 2212 1237 2306 progrederetur.

162 2336 215 2401 Ibi
249 2323 351 2402 enim
372 2339 515 2406 intrabat
545 2339 708 2432 templum
733 2340 907 2406 Minervae
937 2337 1105 2420 Poliadis,
1144 2340 1237 2414 cuius

162 2477 263 2528 statua
289 2461 392 2555 peplo
418 2462 630 2534 induebatur.

162 2669 387 2687 —u—-ufi——n

195 2803 242 2873 33)
260 2801 335 2854 Suid.
355 2819 375 2866 s,
393 2818 417 2853 v.
435 2802 556 2861 Πέπλος.
585 2802 709 2856 Phileatr.
732 2807 764 2859 V.
782 2807 912 2875 Sophistt.
930 2809 950 2856 l.
972 2812 995 2862 5.
1015 2823 1039 2876 p.
1061 2809 1120 2861 550.
1149 2809 1236 2859 Olear.
1314 2855 1317 2866 ,

172 2886 175 2891 ·
257 2887 397 2944 aanor.
414 2888 538 2959 aettrop.
559 2890 579 2953 t,
602 2907 640 2943 to.
661 2877 751 2946 senor.
769 2891 813 2942 aa.
834 2894 891 2944 rac.
913 2895 972 2961 tta.

198 2981 243 3052 34)
261 2981 346 3040 Thur.
367 2983 387 3048 t,
408 2999 450 3042 ao.
470 2983 584 3050 Hesycb.
601 3003 622 3035 s.
645 3003 668 3038 v.
689 2989 861 3058 Λεωκόριον.

367 3077 376 3104 t
