2906 4882
656 432 926 496 ...too-,-

254 629 372 723 quinto
404 651 540 722 quoque
574 652 660 696 anuo
692 629 728 694 iu
753 627 923 697 Minervae
960 627 1126 694 honorem
1160 643 1330 720 portatum
1433 687 1434 694 ,

255 777 326 820 esse
359 751 483 819 dicunt.
545 752 731 818 Creuzerus
756 747 788 837 6)
824 742 932 820 autem
956 753 997 820 V.
1027 751 1077 818 Cl.
1111 749 1330 820 Scholiastam

253 876 399 944 Platonis
427 874 476 960 7),
512 877 575 942 cui.
599 875 711 943 Schol.
737 875 907 968 Aristoph.
932 872 964 960 ὓ)
998 875 1144 941 adiicere
1177 891 1328 967 poterat,

250 997 358 1082 affert,
385 1018 421 1066 ut
444 1001 541 1065 ctiam
567 1001 602 1064 in
627 1001 813 1066 minoribus
827 1000 1075 1079 Panathenaeis,
1097 999 1210 1091 itaque
1228 1015 1328 1091 quot·

240 1126 342 1190 aunis
368 1125 434 1190 hoc
457 1123 579 1190 sactum
606 1149 677 1190 esse
704 1122 865 1190 ostendat.
916 1122 984 1190 Sed
1007 1149 1117 1215 neque
1135 1122 1242 1188 ullum
1269 1148 1327 1190 ex-

245 1249 506 1340 stassvestigium
530 1272 676 1340 pompae
702 1249 737 1312 in
758 1249 944 1314 minorihus
968 1248 1206 1312 Panathenaeis
1241 1246 1326 1314 duc-

242 1390 314 1450 tae,
355 1395 468 1463 neque
494 1370 588 1463 quod
615 1370 798 1438 Scholiasta
818 1370 876 1438 illc
894 1370 1039 1438 Platonis
1066 1369 1176 1452 affert,
1210 1371 1324 1462 magni

244 1495 405 1562 momenti
431 1519 502 1559 esse
528 1493 675 1575 videtur,
707 1521 811 1588 quum
836 1496 905 1562 eius
936 1496 1036 1562 verba
1061 1519 1216 1585 maguam
1244 1517 1323 1585 par-

242 1634 311 1684 tem
337 1621 538 1710 transcripta
562 1620 628 1685 sint
653 1644 670 1685 e
695 1617 835 1698 Paculo,
870 1620 961 1686 cuius
989 1636 1110 1712 quanta
1137 1619 1179 1688 sit
1202 1617 1321 1684 harum

242 1765 356 1806 rerum
381 1739 526 1820 inscitia,
552 1768 654 1834 supra
678 1741 837 1825 vidimus,
866 1760 997 1834 tempus
1032 1742 1120 1808 enim
1149 1743 1320 1808 minorum

238 1865 547 1932 Panathenaeorum
572 1889 752 1956 perperam
778 1862 936 1932 definivit.
993 1866 1105 1957 Atque
1136 1863 1231 1933 idem
1262 1865 1319 1944 ille

241 1986 443 2070 Scholiasta,
472 1989 530 2081 qui
554 1988 711 2056 Proclum
740 1990 966 2081 transcripsit,
997 1991 1129 2059 minora
1153 1989 1335 2056 Panathe-

237 2137 320 2177 naea
345 2113 381 2177 iu
406 2112 543 2178 Piraeeo
572 2111 737 2180 celebrata
758 2137 828 2179 esse
855 2112 954 2193 dicit,
980 2111 1071 2178 uude
1103 2113 1171 2180 hoe
1196 2113 1320 2180 festum

237 2259 313 2301 cum
337 2232 519 2302 Bendideis
552 2262 628 2302 eum
656 2227 871 2304 commutasse
896 2237 1106 2302 manifestum
1127 2255 1198 2336 1⁶⁵1·
1251 2238 1315 2320 Qui

241 2357 380 2451 quidem
407 2383 503 2426 error
528 2385 546 2425 e
572 2359 648 2427 loco
662 2359 806 2427 Platonis
828 2360 924 2453 (Rep.
950 2357 1035 2445 init)
1059 2386 1161 2454 quem
1185 2363 1314 2454 saepius

237 2484 587 2563 commemoravimus,
613 2483 699 2548 male
725 2501 864 2551 tractato
891 2502 981 2552 ortus
1008 2503 1065 2552 cst
1103 2486 1192 2568 Quin
1206 2486 1332 2564 ctiam,.

236 2604 264 2668 si
294 2627 454 2696 pompam
495 2609 671 2697 quotannis
703 2605 837 2673 ductam
868 2631 938 2674 esse
971 2609 1144 2688 sumimus,
1179 2607 1312 2675 difficile

234 2744 285 2792 est
310 2724 419 2806 dictu,
451 2754 516 2819 qua
548 2730 584 2793 in
619 2755 656 2794 re
687 2727 872 2797 differentia
902 2749 1122 2824 utrorumque
1148 2730 1311 2798 Panathe-

232 2873 393 2916 neeorum
418 2853 525 2943 posita
551 2853 659 2920 fiacrit.

333 2977 439 3056 Quam
462 3001 624 3070 pompam
648 2979 924 3046 Panathenaicam
941 2979 1158 3046 clarissimum
1183 2997 1216 3046 et
1239 3005 1307 3046 ma·

233 3098 358 3162 ximum
382 3118 691 3183 monumentorum,
723 3127 940 3196 quaecunque
968 3127 1007 3168 ex
1039 3104 1234 3195 antiquitate
1265 3101 1307 3168 ad

232 3237 382 3287 nostram
401 3242 598 3289 ¹manserunt
622 3205 834 3305 memoriam,
860 3224 1086 3318 pulcherrime
1116 3227 1159 3294 ob
1191 3226 1305 3294 oculos

230 3343 327 3433 ponit
352 3360 450 3436 atque
477 3346 520 3410 ita
547 3346 702 3439 quidem,
728 3366 765 3413 ut
789 3349 932 3442 singulas
954 3375 1099 3443 pompae
1124 3369 1236 3443 partes
1254 3353 1305 3417 iu-

230 3482 390 3534 tueamur.
428 3468 479 3533 Ex
499 3470 665 3562 Zophoro
692 3473 781 3538 enim
794 3473 1013 3540 Partheuouis
1038 3476 1222 3556 notissimo,
1241 3478 1304 3564 etsi

227 3590 351 3680 passim
376 3589 482 3656 laesus
509 3610 608 3685 atquc
635 3613 811 3688 corruptus
839 3614 902 3677 est,
932 3596 1180 3691 nonnullaeque
1214 3626 1303 3664 mar-

225 3715 329 3794 moris
357 3732 485 3782 crustae
514 3716 616 3786 hodie
647 3718 896 3804 desiderantur,
930 3722 1021 3789 cuius
1050 3723 1101 3788 rei
1132 3721 1302 3816 Elgiuium
1348 3709 1354 3714 ’

274 4017 304 4082 6)
320 4009 442 4084 symbol.
459 4019 493 4082 11,
514 4037 542 4088 p.
556 4024 617 4082 810.
637 4019 684 4080 Ed.
704 4022 736 4075 11.

274 4110 301 4180 7)
320 4127 348 4180 p.
373 4115 429 4180 aas.
449 4114 556 4174 auant.

269 4207 298 4274 8)
317 4205 383 4276 Equ.
404 4209 463 4266 566.
