<?xml version="1.0" encoding="UTF-8"?>
<!DOCTYPE html PUBLIC "-//W3C//DTD XHTML 1.0 Transitional//EN"
    "http://www.w3.org/TR/xhtml1/DTD/xhtml1-transitional.dtd">
<html xmlns="http://www.w3.org/1999/xhtml" xml:lang="en" lang="en">
 <head>
  <title>
</title>
<meta http-equiv="Content-Type" content="text/html;charset=utf-8" />
  <meta name='ocr-system' content='tesseract 3.04.00' />
  <meta name='ocr-capabilities' content='ocr_page ocr_carea ocr_par ocr_line ocrx_word'/>
</head>
<body>
  <div class='ocr_page' id='page_1' title='image "./panathenaica01muelgoog_0090.png"; bbox 0 0 2906 4882; ppageno 0'>
   <div class='ocr_carea' id='block_1_1' title="bbox 526 418 774 484">
    <p class='ocr_par' dir='ltr' id='par_1_1' title="bbox 526 418 774 484">
     <span class='ocr_line' id='line_1_1' title="bbox 526 418 774 484; baseline 0.008 -18"><span class='ocrx_word' id='word_1_1' title='bbox 526 418 774 484; x_wconf 67' lang='lat'>..77-</span> 
     </span>
    </p>
   </div>
   <div class='ocr_carea' id='block_1_2' title="bbox 111 607 1231 3298">
    <p class='ocr_par' dir='ltr' id='par_1_2' title="bbox 111 607 1231 3298">
     <span class='ocr_line' id='line_1_2' title="bbox 112 607 1200 704; baseline 0 -26"><span class='ocrx_word' id='word_1_2' title='bbox 112 633 298 704; x_wconf 83' lang='lat' dir='ltr'><strong>eorumque</strong></span> <span class='ocrx_word' id='word_1_3' title='bbox 340 610 429 678; x_wconf 79' lang='lat' dir='ltr'><strong>varia</strong></span> <span class='ocrx_word' id='word_1_4' title='bbox 463 635 585 704; x_wconf 87' lang='lat' dir='ltr'><strong>genera</strong></span> <span class='ocrx_word' id='word_1_5' title='bbox 624 607 866 678; x_wconf 86' lang='lat' dir='ltr'><strong>describendos</strong></span> <span class='ocrx_word' id='word_1_6' title='bbox 899 625 1116 694; x_wconf 85' lang='lat' dir='ltr'><strong>transeamus,</strong></span> <span class='ocrx_word' id='word_1_7' title='bbox 1156 611 1200 678; x_wconf 89' lang='lat' dir='ltr'><strong>‹le</strong></span> 
     </span>
     <span class='ocr_line' id='line_1_3' title="bbox 111 727 1200 828; baseline 0.005 -27"><span class='ocrx_word' id='word_1_8' title='bbox 111 736 231 802; x_wconf 85' lang='lat' dir='ltr'><strong>harum</strong></span> <span class='ocrx_word' id='word_1_9' title='bbox 256 733 495 826; x_wconf 79' lang='lat' dir='ltr'><strong>amphorarum</strong></span> <span class='ocrx_word' id='word_1_10' title='bbox 519 757 582 800; x_wconf 90' lang='lat' dir='ltr'><strong>usu</strong></span> <span class='ocrx_word' id='word_1_11' title='bbox 597 759 704 828; x_wconf 85' lang='lat' dir='ltr'><strong>panca</strong></span> <span class='ocrx_word' id='word_1_12' title='bbox 728 735 812 800; x_wconf 89' lang='lat' dir='ltr'><strong>mihi</strong></span> <span class='ocrx_word' id='word_1_13' title='bbox 834 732 1021 801; x_wconf 87' lang='lat' dir='ltr'><strong>adiicienda</strong></span> <span class='ocrx_word' id='word_1_14' title='bbox 1046 753 1124 802; x_wconf 89' lang='lat' dir='ltr'><strong>sunt</strong></span> <span class='ocrx_word' id='word_1_15' title='bbox 1141 727 1200 823; x_wconf 79' lang='grc'><strong>36).</strong></span> 
     </span>
     <span class='ocr_line' id='line_1_4' title="bbox 111 856 1204 952; baseline 0.002 -28"><span class='ocrx_word' id='word_1_16' title='bbox 111 859 180 944; x_wconf 87' lang='lat' dir='ltr'><strong>Qui</strong></span> <span class='ocrx_word' id='word_1_17' title='bbox 204 877 284 923; x_wconf 88' lang='lat' dir='ltr'><strong>usus</strong></span> <span class='ocrx_word' id='word_1_18' title='bbox 309 879 378 923; x_wconf 90' lang='lat' dir='ltr'><strong>non</strong></span> <span class='ocrx_word' id='word_1_19' title='bbox 403 856 512 924; x_wconf 89' lang='lat' dir='ltr'><strong>minus</strong></span> <span class='ocrx_word' id='word_1_20' title='bbox 545 882 585 924; x_wconf 84' lang='lat' dir='ltr'><strong>ex</strong></span> <span class='ocrx_word' id='word_1_21' title='bbox 619 874 764 950; x_wconf 86' lang='lat' dir='ltr'><strong>utroque</strong></span> <span class='ocrx_word' id='word_1_22' title='bbox 788 858 1044 950; x_wconf 75' lang='lat' dir='ltr'><strong>inscriPtionum</strong></span> <span class='ocrx_word' id='word_1_23' title='bbox 1068 883 1204 952; x_wconf 85' lang='lat' dir='ltr'><strong>genere,</strong></span> 
     </span>
     <span class='ocr_line' id='line_1_5' title="bbox 111 978 1205 1078; baseline 0 -30"><span class='ocrx_word' id='word_1_24' title='bbox 111 1006 216 1078; x_wconf 84' lang='lat' dir='ltr'><strong>quam</strong></span> <span class='ocrx_word' id='word_1_25' title='bbox 241 1004 261 1046; x_wconf 88' lang='lat' dir='ltr'><strong>e</strong></span> <span class='ocrx_word' id='word_1_26' title='bbox 286 978 369 1048; x_wconf 86' lang='lat' dir='ltr'><strong>locis</strong></span> <span class='ocrx_word' id='word_1_27' title='bbox 398 980 549 1074; x_wconf 85' lang='lat' dir='ltr'><strong>ipsorum</strong></span> <span class='ocrx_word' id='word_1_28' title='bbox 575 979 778 1073; x_wconf 79' lang='lat' dir='ltr'><strong>scriptarum</strong></span> <span class='ocrx_word' id='word_1_29' title='bbox 808 997 923 1074; x_wconf 88' lang='lat' dir='ltr'><strong>aperte</strong></span> <span class='ocrx_word' id='word_1_30' title='bbox 950 981 1067 1050; x_wconf 88' lang='lat' dir='ltr'><strong>elucet.</strong></span> <span class='ocrx_word' id='word_1_31' title='bbox 1125 983 1205 1049; x_wconf 89' lang='lat' dir='ltr'><strong>Pin-</strong></span> 
     </span>
     <span class='ocr_line' id='line_1_6' title="bbox 111 1094 1205 1199; baseline 0 -27"><span class='ocrx_word' id='word_1_32' title='bbox 111 1104 219 1172; x_wconf 87' lang='lat' dir='ltr'><strong>darus</strong></span> <span class='ocrx_word' id='word_1_33' title='bbox 237 1094 285 1188; x_wconf 77' lang='lat'><strong>³7)</strong></span> <span class='ocrx_word' id='word_1_34' title='bbox 309 1105 399 1172; x_wconf 90' lang='lat' dir='ltr'><strong>enim</strong></span> <span class='ocrx_word' id='word_1_35' title='bbox 424 1105 563 1198; x_wconf 86' lang='lat' dir='ltr'><strong>eiusque</strong></span> <span class='ocrx_word' id='word_1_36' title='bbox 588 1103 783 1172; x_wconf 80' lang='lat' dir='ltr'><strong>scholiastae</strong></span> <span class='ocrx_word' id='word_1_37' title='bbox 810 1103 932 1199; x_wconf 77' lang='lat' dir='ltr'><strong>aliique</strong></span> <span class='ocrx_word' id='word_1_38' title='bbox 949 1105 1109 1173; x_wconf 50' lang='lat' dir='ltr'><strong>veterum*</strong></span> <span class='ocrx_word' id='word_1_39' title='bbox 1123 1104 1205 1173; x_wconf 88' lang='lat' dir='ltr'><strong>tales</strong></span> 
     </span>
     <span class='ocr_line' id='line_1_7' title="bbox 111 1224 1206 1320; baseline 0.001 -26"><span class='ocrx_word' id='word_1_40' title='bbox 111 1227 314 1320; x_wconf 86' lang='lat' dir='ltr'><strong>amphoras,</strong></span> <span class='ocrx_word' id='word_1_41' title='bbox 347 1224 422 1294; x_wconf 85' lang='lat' dir='ltr'><strong>oleo</strong></span> <span class='ocrx_word' id='word_1_42' title='bbox 454 1251 549 1295; x_wconf 87' lang='lat' dir='ltr'><strong>sacro</strong></span> <span class='ocrx_word' id='word_1_43' title='bbox 582 1226 748 1320; x_wconf 82' lang='lat' dir='ltr'><strong>repletas,</strong></span> <span class='ocrx_word' id='word_1_44' title='bbox 779 1228 961 1296; x_wconf 82' lang='lat' dir='ltr'><strong>victoribus</strong></span> <span class='ocrx_word' id='word_1_45' title='bbox 988 1229 1206 1312; x_wconf 86' lang='lat' dir='ltr'><strong>Panathenai-</strong></span> 
     </span>
     <span class='ocr_line' id='line_1_8' title="bbox 112 1347 1208 1444; baseline -0.002 -25"><span class='ocrx_word' id='word_1_46' title='bbox 112 1354 163 1420; x_wconf 86' lang='lat' dir='ltr'><strong>cis</strong></span> <span class='ocrx_word' id='word_1_47' title='bbox 189 1350 340 1444; x_wconf 86' lang='lat' dir='ltr'><strong>praemio</strong></span> <span class='ocrx_word' id='word_1_48' title='bbox 366 1349 503 1443; x_wconf 85' lang='lat' dir='ltr'><strong>publice</strong></span> <span class='ocrx_word' id='word_1_49' title='bbox 529 1347 619 1417; x_wconf 85' lang='lat' dir='ltr'><strong>datas</strong></span> <span class='ocrx_word' id='word_1_50' title='bbox 646 1373 718 1416; x_wconf 88' lang='lat' dir='ltr'><strong>esse</strong></span> <span class='ocrx_word' id='word_1_51' title='bbox 739 1373 807 1418; x_wconf 84' lang='lat' dir='ltr'><strong>uno</strong></span> <span class='ocrx_word' id='word_1_52' title='bbox 841 1375 900 1419; x_wconf 88' lang='lat' dir='ltr'><strong>ore</strong></span> <span class='ocrx_word' id='word_1_53' title='bbox 925 1350 1069 1418; x_wconf 71' lang='lat' dir='ltr'><strong>madunt</strong></span> <span class='ocrx_word' id='word_1_54' title='bbox 1106 1349 1208 1420; x_wconf 61' lang='lat' dir='ltr'><strong>&#39;Vasa</strong></span> 
     </span>
     <span class='ocr_line' id='line_1_9' title="bbox 113 1472 1208 1568; baseline 0.001 -26"><span class='ocrx_word' id='word_1_55' title='bbox 113 1491 229 1542; x_wconf 80' lang='lat' dir='ltr'><strong>autem</strong></span> <span class='ocrx_word' id='word_1_56' title='bbox 269 1474 342 1566; x_wconf 89' lang='lat' dir='ltr'><strong>ipsa</strong></span> <span class='ocrx_word' id='word_1_57' title='bbox 383 1472 469 1540; x_wconf 87' lang='lat' dir='ltr'><strong>nihil</strong></span> <span class='ocrx_word' id='word_1_58' title='bbox 509 1474 574 1540; x_wconf 88' lang='lat' dir='ltr'><strong>nisi</strong></span> <span class='ocrx_word' id='word_1_59' title='bbox 604 1473 699 1568; x_wconf 86' lang='lat' dir='ltr'>quasi</span> <span class='ocrx_word' id='word_1_60' title='bbox 736 1473 908 1543; x_wconf 85' lang='lat' dir='ltr'><strong>involucra</strong></span> <span class='ocrx_word' id='word_1_61' title='bbox 938 1477 1080 1568; x_wconf 84' lang='lat' dir='ltr'><strong>praemii</strong></span> <span class='ocrx_word' id='word_1_62' title='bbox 1121 1494 1208 1561; x_wconf 88' lang='lat' dir='ltr'><strong>sunt,</strong></span> 
     </span>
     <span class='ocr_line' id='line_1_10' title="bbox 115 1598 1207 1681; baseline 0 -14"><span class='ocrx_word' id='word_1_63' title='bbox 115 1599 213 1667; x_wconf 67' lang='lat' dir='ltr'><strong>eteius</strong></span> <span class='ocrx_word' id='word_1_64' title='bbox 237 1621 364 1664; x_wconf 88' lang='lat' dir='ltr'><strong>summa</strong></span> <span class='ocrx_word' id='word_1_65' title='bbox 390 1615 460 1666; x_wconf 89' lang='lat' dir='ltr'><strong>erat</strong></span> <span class='ocrx_word' id='word_1_66' title='bbox 484 1598 610 1666; x_wconf 82' lang='lat' dir='ltr'><strong>fruetus</strong></span> <span class='ocrx_word' id='word_1_67' title='bbox 638 1598 804 1681; x_wconf 86' lang='lat' dir='ltr'><strong>olearum,</strong></span> <span class='ocrx_word' id='word_1_68' title='bbox 835 1601 1008 1669; x_wconf 87' lang='lat' dir='ltr'><strong>Minervae</strong></span> <span class='ocrx_word' id='word_1_69' title='bbox 1029 1625 1207 1670; x_wconf 85' lang='lat' dir='ltr'><strong>sacrarum.</strong></span> 
     </span>
     <span class='ocr_line' id='line_1_11' title="bbox 118 1713 1209 1819; baseline 0.002 -31"><span class='ocrx_word' id='word_1_70' title='bbox 118 1725 215 1808; x_wconf 88' lang='lat' dir='ltr'><strong>Quae</strong></span> <span class='ocrx_word' id='word_1_71' title='bbox 235 1721 350 1802; x_wconf 84' lang='lat' dir='ltr'><strong>oleae,</strong></span> <span class='ocrx_word' id='word_1_72' title='bbox 382 1716 526 1818; x_wconf 81' lang='grc' dir='ltr'><strong><em>Μορίαι</em></strong></span> <span class='ocrx_word' id='word_1_73' title='bbox 558 1739 693 1792; x_wconf 86' lang='lat' dir='ltr'><strong>vocatae</strong></span> <span class='ocrx_word' id='word_1_74' title='bbox 712 1713 780 1808; x_wconf 77' lang='lat'>³⁸),</span> <span class='ocrx_word' id='word_1_75' title='bbox 820 1724 968 1817; x_wconf 87' lang='lat' dir='ltr'><strong>primum</strong></span> <span class='ocrx_word' id='word_1_76' title='bbox 1008 1725 1146 1819; x_wconf 88' lang='lat' dir='ltr'><strong>quidem</strong></span> <span class='ocrx_word' id='word_1_77' title='bbox 1174 1726 1209 1791; x_wconf 91' lang='lat' dir='ltr'><strong>in</strong></span> 
     </span>
     <span class='ocr_line' id='line_1_12' title="bbox 117 1844 1209 1941; baseline 0.003 -29"><span class='ocrx_word' id='word_1_78' title='bbox 117 1871 197 1914; x_wconf 84' lang='lat' dir='ltr'><strong>arec</strong></span> <span class='ocrx_word' id='word_1_79' title='bbox 222 1844 404 1912; x_wconf 80' lang='lat' dir='ltr'><strong>collocatae</strong></span> <span class='ocrx_word' id='word_1_80' title='bbox 431 1863 543 1925; x_wconf 88' lang='lat' dir='ltr'><strong>erant,</strong></span> <span class='ocrx_word' id='word_1_81' title='bbox 566 1847 625 1912; x_wconf 90' lang='lat' dir='ltr'><strong>uhi</strong></span> <span class='ocrx_word' id='word_1_82' title='bbox 650 1849 833 1934; x_wconf 52' lang='lat' dir='ltr'><strong>Minerva„</strong></span> <span class='ocrx_word' id='word_1_83' title='bbox 855 1849 959 1941; x_wconf 86' lang='lat' dir='ltr'><strong>quum</strong></span> <span class='ocrx_word' id='word_1_84' title='bbox 985 1869 1003 1914; x_wconf 89' lang='lat' dir='ltr'><strong>e</strong></span> <span class='ocrx_word' id='word_1_85' title='bbox 1030 1849 1209 1915; x_wconf 85' lang='lat' dir='ltr'><strong>certamine</strong></span> 
     </span>
     <span class='ocr_line' id='line_1_13' title="bbox 117 1945 1210 2067; baseline 0.004 -33"><span class='ocrx_word' id='word_1_86' title='bbox 117 1945 197 2034; x_wconf 74' lang='lat' dir='ltr'><strong>cuni</strong></span> <span class='ocrx_word' id='word_1_87' title='bbox 222 1957 379 2060; x_wconf 82' lang='lat' dir='ltr'><strong>Neptuno</strong></span> <span class='ocrx_word' id='word_1_88' title='bbox 406 1965 449 2033; x_wconf 86' lang='lat' dir='ltr'><strong>de</strong></span> <span class='ocrx_word' id='word_1_89' title='bbox 483 1983 571 2033; x_wconf 89' lang='lat' dir='ltr'><strong>terra</strong></span> <span class='ocrx_word' id='word_1_90' title='bbox 597 1967 705 2033; x_wconf 85' lang='lat' dir='ltr'><strong>Attica</strong></span> <span class='ocrx_word' id='word_1_91' title='bbox 737 1984 811 2033; x_wconf 90' lang='lat' dir='ltr'><strong>orto</strong></span> <span class='ocrx_word' id='word_1_92' title='bbox 843 1969 960 2036; x_wconf 84' lang='lat' dir='ltr'><strong>victrix</strong></span> <span class='ocrx_word' id='word_1_93' title='bbox 996 1969 1210 2067; x_wconf 76' lang='lat' dir='ltr'><strong>discessisset,</strong></span> 
     </span>
     <span class='ocr_line' id='line_1_14' title="bbox 118 2089 1211 2188; baseline 0.006 -32"><span class='ocrx_word' id='word_1_94' title='bbox 118 2090 230 2157; x_wconf 89' lang='lat' dir='ltr'><strong>oleam</strong></span> <span class='ocrx_word' id='word_1_95' title='bbox 253 2089 423 2181; x_wconf 79' lang='lat' dir='ltr'><strong>produxit</strong></span> <span class='ocrx_word' id='word_1_96' title='bbox 474 2091 583 2172; x_wconf 59' lang='lat' dir='ltr'><strong>‘Quam</strong></span> <span class='ocrx_word' id='word_1_97' title='bbox 608 2090 794 2156; x_wconf 88' lang='lat' dir='ltr'><strong>Minervam</strong></span> <span class='ocrx_word' id='word_1_98' title='bbox 812 2089 985 2158; x_wconf 87' lang='lat' dir='ltr'><strong>Poliadem</strong></span> <span class='ocrx_word' id='word_1_99' title='bbox 1010 2118 1081 2161; x_wconf 91' lang='lat' dir='ltr'><strong>esse</strong></span> <span class='ocrx_word' id='word_1_100' title='bbox 1106 2122 1211 2188; x_wconf 88' lang='lat' dir='ltr'><strong>appa-</strong></span> 
     </span>
     <span class='ocr_line' id='line_1_15' title="bbox 118 2205 1212 2309; baseline 0 -27"><span class='ocrx_word' id='word_1_101' title='bbox 118 2233 174 2282; x_wconf 85' lang='lat' dir='ltr'><strong>rat</strong></span> <span class='ocrx_word' id='word_1_102' title='bbox 198 2231 234 2282; x_wconf 88' lang='lat' dir='ltr'><strong>et</strong></span> <span class='ocrx_word' id='word_1_103' title='bbox 261 2237 301 2282; x_wconf 81' lang='lat' dir='ltr'><strong>cx</strong></span> <span class='ocrx_word' id='word_1_104' title='bbox 327 2214 464 2282; x_wconf 88' lang='lat' dir='ltr'><strong>historia</strong></span> <span class='ocrx_word' id='word_1_105' title='bbox 490 2213 531 2280; x_wconf 89' lang='lat' dir='ltr'><strong>ab</strong></span> <span class='ocrx_word' id='word_1_106' title='bbox 559 2211 733 2282; x_wconf 86' lang='lat' dir='ltr'><strong>Herodoto</strong></span> <span class='ocrx_word' id='word_1_107' title='bbox 759 2205 807 2300; x_wconf 77' lang='lat'>,³9)</span> <span class='ocrx_word' id='word_1_108' title='bbox 850 2213 893 2280; x_wconf 90' lang='lat' dir='ltr'><strong>de</strong></span> <span class='ocrx_word' id='word_1_109' title='bbox 918 2215 1109 2309; x_wconf 87' lang='lat' dir='ltr'><strong>Epidauriis</strong></span> <span class='ocrx_word' id='word_1_110' title='bbox 1134 2241 1212 2283; x_wconf 85' lang='lat' dir='ltr'><strong>nar-</strong></span> 
     </span>
     <span class='ocr_line' id='line_1_16' title="bbox 119 2334 1213 2432; baseline 0.001 -26"><span class='ocrx_word' id='word_1_111' title='bbox 119 2356 208 2420; x_wconf 88' lang='lat' dir='ltr'><strong>rata,</strong></span> <span class='ocrx_word' id='word_1_112' title='bbox 234 2355 267 2406; x_wconf 91' lang='lat' dir='ltr'><strong>et</strong></span> <span class='ocrx_word' id='word_1_113' title='bbox 293 2361 333 2406; x_wconf 82' lang='lat' dir='ltr'><strong>ex</strong></span> <span class='ocrx_word' id='word_1_114' title='bbox 359 2334 432 2405; x_wconf 89' lang='lat' dir='ltr'><strong>olea</strong></span> <span class='ocrx_word' id='word_1_115' title='bbox 457 2339 549 2431; x_wconf 89' lang='lat' dir='ltr'><strong>ipsa,</strong></span> <span class='ocrx_word' id='word_1_116' title='bbox 576 2361 661 2432; x_wconf 89' lang='lat' dir='ltr'><strong>quae</strong></span> <span class='ocrx_word' id='word_1_117' title='bbox 687 2337 873 2431; x_wconf 87' lang='lat' dir='ltr'><strong>intemplo</strong></span> <span class='ocrx_word' id='word_1_118' title='bbox 899 2339 1111 2408; x_wconf 85' lang='lat' dir='ltr'><strong>Erichthonii</strong></span> <span class='ocrx_word' id='word_1_119' title='bbox 1138 2365 1213 2407; x_wconf 90' lang='lat' dir='ltr'><strong>cum</strong></span> 
     </span>
     <span class='ocr_line' id='line_1_17' title="bbox 121 2461 1212 2555; baseline -0.002 -23"><span class='ocrx_word' id='word_1_120' title='bbox 121 2462 261 2532; x_wconf 78' lang='lat' dir='ltr'><strong>Poliatle</strong></span> <span class='ocrx_word' id='word_1_121' title='bbox 300 2463 482 2530; x_wconf 87' lang='lat' dir='ltr'><strong>arctissime</strong></span> <span class='ocrx_word' id='word_1_122' title='bbox 525 2463 713 2544; x_wconf 88' lang='lat' dir='ltr'><strong>coniuncti,</strong></span> <span class='ocrx_word' id='word_1_123' title='bbox 751 2461 860 2555; x_wconf 90' lang='lat' dir='ltr'><strong>posita</strong></span> <span class='ocrx_word' id='word_1_124' title='bbox 891 2481 969 2530; x_wconf 82' lang='lat' dir='ltr'><strong>erat</strong></span> <span class='ocrx_word' id='word_1_125' title='bbox 1036 2465 1212 2531; x_wconf 87' lang='lat' dir='ltr'><strong>Praeterea</strong></span> 
     </span>
     <span class='ocr_line' id='line_1_18' title="bbox 124 2585 1213 2681; baseline -0.003 -25"><span class='ocrx_word' id='word_1_126' title='bbox 124 2590 224 2656; x_wconf 88' lang='lat' dir='ltr'><strong>etiam</strong></span> <span class='ocrx_word' id='word_1_127' title='bbox 247 2585 344 2655; x_wconf 84' lang='lat' dir='ltr'><strong>facile</strong></span> <span class='ocrx_word' id='word_1_128' title='bbox 368 2585 565 2680; x_wconf 79' lang='lat' dir='ltr'><strong>intelligitur</strong></span> <span class='ocrx_word' id='word_1_129' title='bbox 587 2585 695 2654; x_wconf 88' lang='lat' dir='ltr'><strong>oleam</strong></span> <span class='ocrx_word' id='word_1_130' title='bbox 719 2611 738 2652; x_wconf 88' lang='lat' dir='ltr'><strong>a</strong></span> <span class='ocrx_word' id='word_1_131' title='bbox 760 2585 912 2654; x_wconf 86' lang='lat' dir='ltr'><strong>Minerva</strong></span> <span class='ocrx_word' id='word_1_132' title='bbox 935 2587 1135 2681; x_wconf 88' lang='lat' dir='ltr'><strong>productam</strong></span> <span class='ocrx_word' id='word_1_133' title='bbox 1161 2587 1213 2654; x_wconf 90' lang='lat' dir='ltr'><strong>ni-</strong></span> 
     </span>
     <span class='ocr_line' id='line_1_19' title="bbox 123 2709 1213 2802; baseline -0.002 -22"><span class='ocrx_word' id='word_1_134' title='bbox 123 2714 173 2780; x_wconf 90' lang='lat' dir='ltr'><strong>hil</strong></span> <span class='ocrx_word' id='word_1_135' title='bbox 203 2712 268 2779; x_wconf 88' lang='lat' dir='ltr'><strong>nisi</strong></span> <span class='ocrx_word' id='word_1_136' title='bbox 299 2727 407 2778; x_wconf 87' lang='lat' dir='ltr'><strong>terrae</strong></span> <span class='ocrx_word' id='word_1_137' title='bbox 437 2711 566 2777; x_wconf 86' lang='lat' dir='ltr'><strong>Atticae</strong></span> <span class='ocrx_word' id='word_1_138' title='bbox 598 2709 803 2777; x_wconf 83' lang='lat' dir='ltr'><strong>fertilitatem</strong></span> <span class='ocrx_word' id='word_1_139' title='bbox 836 2710 1030 2802; x_wconf 86' lang='lat' dir='ltr'><strong>significare.</strong></span> <span class='ocrx_word' id='word_1_140' title='bbox 1096 2710 1213 2779; x_wconf 88' lang='lat' dir='ltr'><strong>Postea</strong></span> 
     </span>
     <span class='ocr_line' id='line_1_20' title="bbox 123 2830 1213 2918; baseline -0.006 -13"><span class='ocrx_word' id='word_1_141' title='bbox 123 2861 204 2905; x_wconf 85' lang='lat' dir='ltr'><strong>vero</strong></span> <span class='ocrx_word' id='word_1_142' title='bbox 245 2835 339 2904; x_wconf 86' lang='lat' dir='ltr'><strong>oleae</strong></span> <span class='ocrx_word' id='word_1_143' title='bbox 375 2858 487 2901; x_wconf 85' lang='lat' dir='ltr'><strong>sacrae</strong></span> <span class='ocrx_word' id='word_1_144' title='bbox 527 2833 564 2899; x_wconf 88' lang='lat' dir='ltr'><strong>in</strong></span> <span class='ocrx_word' id='word_1_145' title='bbox 598 2830 817 2899; x_wconf 86' lang='lat' dir='ltr'><strong>Academiam</strong></span> <span class='ocrx_word' id='word_1_146' title='bbox 849 2830 1023 2898; x_wconf 85' lang='lat' dir='ltr'><strong>translatae</strong></span> <span class='ocrx_word' id='word_1_147' title='bbox 1063 2850 1139 2898; x_wconf 90' lang='lat' dir='ltr'><strong>sunt</strong></span> <span class='ocrx_word' id='word_1_148' title='bbox 1155 2831 1213 2918; x_wconf 70' lang='grc'><strong>40).</strong></span> 
     </span>
     <span class='ocr_line' id='line_1_21' title="bbox 124 2951 1216 3034; baseline -0.005 -7"><span class='ocrx_word' id='word_1_149' title='bbox 124 2964 216 3028; x_wconf 89' lang='lat' dir='ltr'><strong>Bene</strong></span> <span class='ocrx_word' id='word_1_150' title='bbox 241 2977 420 3026; x_wconf 84' lang='lat' dir='ltr'><strong>astantem</strong></span> <span class='ocrx_word' id='word_1_151' title='bbox 444 2954 790 3034; x_wconf 84' lang='lat' dir='ltr'><strong>animadvertendum,</strong></span> <span class='ocrx_word' id='word_1_152' title='bbox 832 2956 867 3020; x_wconf 93' lang='lat' dir='ltr'><strong>in</strong></span> <span class='ocrx_word' id='word_1_153' title='bbox 906 2951 980 3022; x_wconf 91' lang='lat' dir='ltr'><strong>oleo</strong></span> <span class='ocrx_word' id='word_1_154' title='bbox 1006 2956 1146 3022; x_wconf 86' lang='lat' dir='ltr'><strong>maxime</strong></span> <span class='ocrx_word' id='word_1_155' title='bbox 1172 2958 1216 3023; x_wconf 88' lang='lat' dir='ltr'><strong>si-</strong></span> 
     </span>
     <span class='ocr_line' id='line_1_22' title="bbox 126 3073 1231 3175; baseline 0.002 -27"><span class='ocrx_word' id='word_1_156' title='bbox 126 3099 198 3150; x_wconf 86' lang='lat' dir='ltr'><strong>tum</strong></span> <span class='ocrx_word' id='word_1_157' title='bbox 223 3081 322 3148; x_wconf 85' lang='lat' dir='ltr'><strong>luisse</strong></span> <span class='ocrx_word' id='word_1_158' title='bbox 347 3079 553 3175; x_wconf 87' lang='lat' dir='ltr'><strong>praemium,</strong></span> <span class='ocrx_word' id='word_1_159' title='bbox 592 3103 662 3144; x_wconf 88' lang='lat' dir='ltr'><strong>non</strong></span> <span class='ocrx_word' id='word_1_160' title='bbox 691 3073 728 3144; x_wconf 90' lang='lat' dir='ltr'><strong>in</strong></span> <span class='ocrx_word' id='word_1_161' title='bbox 752 3078 930 3170; x_wconf 80' lang='lat' dir='ltr'><strong>amphora3</strong></span> <span class='ocrx_word' id='word_1_162' title='bbox 968 3103 1048 3145; x_wconf 91' lang='lat' dir='ltr'><strong>nam</strong></span> <span class='ocrx_word' id='word_1_163' title='bbox 1083 3080 1119 3146; x_wconf 84' lang='lat' dir='ltr'><strong>ia</strong></span> <span class='ocrx_word' id='word_1_164' title='bbox 1144 3075 1231 3150; x_wconf 45' lang='lat' dir='ltr'><strong>‘aliis&#39;</strong></span> 
     </span>
     <span class='ocr_line' id='line_1_23' title="bbox 126 3196 1217 3298; baseline -0.001 -26"><span class='ocrx_word' id='word_1_165' title='bbox 126 3205 215 3272; x_wconf 86' lang='lat' dir='ltr'><strong>ludis</strong></span> <span class='ocrx_word' id='word_1_166' title='bbox 239 3203 399 3298; x_wconf 83' lang='lat' dir='ltr'><strong>gymnicis</strong></span> <span class='ocrx_word' id='word_1_167' title='bbox 429 3207 593 3297; x_wconf 87' lang='lat' dir='ltr'><strong>persaepe</strong></span> <span class='ocrx_word' id='word_1_168' title='bbox 626 3198 707 3266; x_wconf 86' lang='lat' dir='ltr'><strong>tales</strong></span> <span class='ocrx_word' id='word_1_169' title='bbox 742 3196 919 3293; x_wconf 78' lang='lat' dir='ltr'><strong>amphoias</strong></span> <span class='ocrx_word' id='word_1_170' title='bbox 950 3200 1025 3270; x_wconf 88' lang='lat' dir='ltr'><strong>oleo</strong></span> <span class='ocrx_word' id='word_1_171' title='bbox 1059 3211 1130 3270; x_wconf 88' lang='lat' dir='ltr'><strong>n&#39;on</strong></span> <span class='ocrx_word' id='word_1_172' title='bbox 1162 3229 1217 3272; x_wconf 86' lang='lat' dir='ltr'><strong>re-</strong></span> 
     </span>
    </p>
   </div>
   <div class='ocr_carea' id='block_1_3' title="bbox 125 3391 408 3414">
    <p class='ocr_par' dir='ltr' id='par_1_3' title="bbox 125 3391 408 3414">
     <span class='ocr_line' id='line_1_24' title="bbox 125 3391 408 3414; baseline 0 -7"><span class='ocrx_word' id='word_1_173' title='bbox 125 3391 408 3414; x_wconf 48' lang='grc' dir='ltr'><strong>’.α-..ι-</strong></span> 
     </span>
    </p>
   </div>
   <div class='ocr_carea' id='block_1_4' title="bbox 162 3492 1225 4291">
    <p class='ocr_par' dir='ltr' id='par_1_4' title="bbox 162 3492 1225 3824">
     <span class='ocr_line' id='line_1_25' title="bbox 162 3492 1218 3570; baseline -0.001 -23"><span class='ocrx_word' id='word_1_174' title='bbox 162 3499 210 3570; x_wconf 80' lang='grc'><strong>36)</strong></span> <span class='ocrx_word' id='word_1_175' title='bbox 231 3497 273 3547; x_wconf 87' lang='lat' dir='ltr'><strong>De</strong></span> <span class='ocrx_word' id='word_1_176' title='bbox 291 3506 346 3564; x_wconf 88' lang='lat' dir='ltr'><strong>quo</strong></span> <span class='ocrx_word' id='word_1_177' title='bbox 365 3509 488 3546; x_wconf 85' lang='lat' dir='ltr'><strong>vasorum</strong></span> <span class='ocrx_word' id='word_1_178' title='bbox 516 3492 776 3547; x_wconf 86' lang='lat' dir='ltr'><strong>Panathenaicorum</strong></span> <span class='ocrx_word' id='word_1_179' title='bbox 806 3509 856 3544; x_wconf 88' lang='lat' dir='ltr'><strong>usu</strong></span> <span class='ocrx_word' id='word_1_180' title='bbox 885 3499 942 3544; x_wconf 87' lang='lat' dir='ltr'><strong>tam</strong></span> <span class='ocrx_word' id='word_1_181' title='bbox 961 3493 1062 3545; x_wconf 85' lang='lat' dir='ltr'><strong>diserte</strong></span> <span class='ocrx_word' id='word_1_182' title='bbox 1084 3492 1218 3566; x_wconf 87' lang='lat' dir='ltr'><strong>docteque</strong></span> 
     </span>
     <span class='ocr_line' id='line_1_26' title="bbox 236 3577 1225 3644; baseline -0.003 -10"><span class='ocrx_word' id='word_1_183' title='bbox 236 3581 366 3634; x_wconf 85' lang='lat' dir='ltr'><strong>disseruit</strong></span> <span class='ocrx_word' id='word_1_184' title='bbox 375 3578 586 3631; x_wconf 81' lang='lat' dir='ltr'><strong>Broendstedius</strong></span> <span class='ocrx_word' id='word_1_185' title='bbox 604 3583 655 3644; x_wconf 85' lang='lat' dir='ltr'><strong>(on</strong></span> <span class='ocrx_word' id='word_1_186' title='bbox 673 3577 965 3631; x_wconf 68' lang='lat' dir='ltr'><strong>Panathenaic&#39;V&#39;ases.</strong></span> <span class='ocrx_word' id='word_1_187' title='bbox 981 3579 1173 3632; x_wconf 83' lang='lat' dir='ltr'><strong>Transactions</strong></span> <span class='ocrx_word' id='word_1_188' title='bbox 1194 3579 1225 3633; x_wconf 80' lang='lat' dir='ltr'><strong>of</strong></span> 
     </span>
     <span class='ocr_line' id='line_1_27' title="bbox 234 3665 1223 3738; baseline -0.001 -17"><span class='ocrx_word' id='word_1_189' title='bbox 234 3670 282 3722; x_wconf 83' lang='lat' dir='ltr'><strong>the</strong></span> <span class='ocrx_word' id='word_1_190' title='bbox 303 3671 332 3720; x_wconf 82' lang='lat' dir='ltr'><strong>tt.</strong></span> <span class='ocrx_word' id='word_1_191' title='bbox 350 3668 458 3734; x_wconf 87' lang='lat' dir='ltr'><strong>Society</strong></span> <span class='ocrx_word' id='word_1_192' title='bbox 476 3666 508 3718; x_wconf 86' lang='lat' dir='ltr'><strong>of</strong></span> <span class='ocrx_word' id='word_1_193' title='bbox 523 3667 588 3732; x_wconf 83' lang='lat' dir='ltr'><strong>tht.</strong></span> <span class='ocrx_word' id='word_1_194' title='bbox 623 3666 655 3719; x_wconf 86' lang='lat' dir='ltr'><strong>ol</strong></span> <span class='ocrx_word' id='word_1_195' title='bbox 675 3665 725 3718; x_wconf 90' lang='lat' dir='ltr'><strong>the</strong></span> <span class='ocrx_word' id='word_1_196' title='bbox 743 3665 845 3718; x_wconf 81' lang='lat' dir='ltr'><strong>United</strong></span> <span class='ocrx_word' id='word_1_197' title='bbox 864 3665 958 3738; x_wconf 71' lang='lat' dir='ltr'><strong>tinga.</strong></span> <span class='ocrx_word' id='word_1_198' title='bbox 985 3666 1048 3724; x_wconf 82' lang='lat' dir='ltr'><strong>vot.</strong></span> <span class='ocrx_word' id='word_1_199' title='bbox 1069 3669 1102 3722; x_wconf 89' lang='lat'><strong>11.</strong></span> <span class='ocrx_word' id='word_1_200' title='bbox 1133 3668 1163 3728; x_wconf 88' lang='grc' dir='ltr'><strong>Ρ.</strong></span> <span class='ocrx_word' id='word_1_201' title='bbox 1180 3671 1223 3738; x_wconf 81' lang='lat' dir='ltr'><strong>L),</strong></span> 
     </span>
     <span class='ocr_line' id='line_1_28' title="bbox 235 3754 904 3824; baseline 0.001 -17"><span class='ocrx_word' id='word_1_202' title='bbox 235 3765 267 3808; x_wconf 87' lang='lat' dir='ltr'><strong>ut</strong></span> <span class='ocrx_word' id='word_1_203' title='bbox 284 3755 356 3807; x_wconf 86' lang='lat' dir='ltr'><strong>hane</strong></span> <span class='ocrx_word' id='word_1_204' title='bbox 374 3772 430 3806; x_wconf 87' lang='lat' dir='ltr'><strong>rem</strong></span> <span class='ocrx_word' id='word_1_205' title='bbox 449 3754 606 3806; x_wconf 85' lang='lat' dir='ltr'><strong>brevissime</strong></span> <span class='ocrx_word' id='word_1_206' title='bbox 627 3761 744 3807; x_wconf 85' lang='lat' dir='ltr'><strong>tractare</strong></span> <span class='ocrx_word' id='word_1_207' title='bbox 762 3754 904 3824; x_wconf 79' lang='lat' dir='ltr'><strong>possimus.</strong></span> 
     </span>
    </p>

    <p class='ocr_par' dir='ltr' id='par_1_5' title="bbox 184 3835 955 3915">
     <span class='ocr_line' id='line_1_29' title="bbox 184 3835 955 3915; baseline -0.003 -21"><span class='ocrx_word' id='word_1_208' title='bbox 184 3846 211 3915; x_wconf 75' lang='lat'><strong>7)</strong></span> <span class='ocrx_word' id='word_1_209' title='bbox 228 3844 305 3898; x_wconf 87' lang='lat' dir='ltr'><strong>Nem.</strong></span> <span class='ocrx_word' id='word_1_210' title='bbox 324 3843 356 3895; x_wconf 83' lang='lat' dir='ltr'><strong>x.</strong></span> <span class='ocrx_word' id='word_1_211' title='bbox 379 3843 420 3894; x_wconf 81' lang='lat'><strong>35.</strong></span> <span class='ocrx_word' id='word_1_212' title='bbox 442 3845 482 3898; x_wconf 77' lang='lat'><strong>36.</strong></span> <span class='ocrx_word' id='word_1_213' title='bbox 502 3841 569 3912; x_wconf 88' lang='lat' dir='ltr'><strong>ibiq.</strong></span> <span class='ocrx_word' id='word_1_214' title='bbox 590 3835 686 3900; x_wconf 83' lang='lat' dir='ltr'><strong>Schol.¹</strong></span> <span class='ocrx_word' id='word_1_215' title='bbox 698 3849 727 3894; x_wconf 88' lang='lat' dir='ltr'><strong>et</strong></span> <span class='ocrx_word' id='word_1_216' title='bbox 744 3843 865 3897; x_wconf 82' lang='lat' dir='ltr'><strong>Disaenii</strong></span> <span class='ocrx_word' id='word_1_217' title='bbox 885 3843 955 3912; x_wconf 84' lang='lat' dir='ltr'><strong>cxpl.</strong></span> 
     </span>
    </p>

    <p class='ocr_par' dir='ltr' id='par_1_6' title="bbox 183 3915 1220 4077">
     <span class='ocr_line' id='line_1_30' title="bbox 183 3915 1220 4002; baseline 0 -20"><span class='ocrx_word' id='word_1_218' title='bbox 183 3933 211 4002; x_wconf 85' lang='lat'><strong>8)</strong></span> <span class='ocrx_word' id='word_1_219' title='bbox 230 3930 306 3982; x_wconf 84' lang='lat' dir='ltr'><strong>Suid.</strong></span> <span class='ocrx_word' id='word_1_220' title='bbox 326 3939 355 3982; x_wconf 86' lang='lat' dir='ltr'><strong>et</strong></span> <span class='ocrx_word' id='word_1_221' title='bbox 373 3929 489 3997; x_wconf 78' lang='lat' dir='ltr'><strong>Hesych.</strong></span> <span class='ocrx_word' id='word_1_222' title='bbox 514 3947 535 3982; x_wconf 84' lang='lat' dir='ltr'><strong>s.</strong></span> <span class='ocrx_word' id='word_1_223' title='bbox 555 3929 582 3981; x_wconf 91' lang='lat' dir='ltr'><strong>h.</strong></span> <span class='ocrx_word' id='word_1_224' title='bbox 600 3947 627 3988; x_wconf 79' lang='lat' dir='ltr'><strong>r.</strong></span> <span class='ocrx_word' id='word_1_225' title='bbox 660 3925 769 3983; x_wconf 79' lang='lat' dir='ltr'><strong>Aristot.</strong></span> <span class='ocrx_word' id='word_1_226' title='bbox 802 3948 844 4001; x_wconf 87' lang='lat' dir='ltr'><strong>ap.</strong></span> <span class='ocrx_word' id='word_1_227' title='bbox 863 3927 954 3982; x_wconf 82' lang='lat' dir='ltr'><strong>Schol.</strong></span> <span class='ocrx_word' id='word_1_228' title='bbox 982 3928 1048 3980; x_wconf 87' lang='lat' dir='ltr'><strong>Oed.</strong></span> <span class='ocrx_word' id='word_1_229' title='bbox 1083 3915 1141 3982; x_wconf 86' lang='lat' dir='ltr'><strong>Col.</strong></span> <span class='ocrx_word' id='word_1_230' title='bbox 1157 3933 1220 4000; x_wconf 78' lang='lat'><strong>693.</strong></span> 
     </span>
     <span class='ocr_line' id='line_1_31' title="bbox 231 4016 574 4077; baseline 0.015 -9"><span class='ocrx_word' id='word_1_231' title='bbox 231 4016 320 4070; x_wconf 88' lang='lat' dir='ltr'><strong>Schcl.</strong></span> <span class='ocrx_word' id='word_1_232' title='bbox 340 4022 383 4069; x_wconf 79' lang='lat' dir='ltr'><strong>Ar.</strong></span> <span class='ocrx_word' id='word_1_233' title='bbox 401 4016 470 4069; x_wconf 88' lang='lat' dir='ltr'><strong>Nub.</strong></span> <span class='ocrx_word' id='word_1_234' title='bbox 496 4020 574 4077; x_wconf 85' lang='grc'><strong>1005.</strong></span> 
     </span>
    </p>

    <p class='ocr_par' dir='ltr' id='par_1_7' title="bbox 168 4104 325 4175">
     <span class='ocr_line' id='line_1_32' title="bbox 168 4104 325 4175; baseline -0.019 -16"><span class='ocrx_word' id='word_1_235' title='bbox 168 4105 215 4175; x_wconf 81' lang='grc'><strong>39)</strong></span> <span class='ocrx_word' id='word_1_236' title='bbox 233 4104 265 4156; x_wconf 86' lang='lat' dir='ltr'><strong>V.</strong></span> <span class='ocrx_word' id='word_1_237' title='bbox 282 4107 325 4160; x_wconf 79' lang='lat'><strong>82.</strong></span> 
     </span>
    </p>

    <p class='ocr_par' dir='ltr' id='par_1_8' title="bbox 169 4189 932 4291">
     <span class='ocr_line' id='line_1_33' title="bbox 169 4189 932 4291; baseline 0.004 -49"><span class='ocrx_word' id='word_1_238' title='bbox 169 4191 217 4291; x_wconf 58' lang='lat' dir='ltr'><strong>go)</strong></span> <span class='ocrx_word' id='word_1_239' title='bbox 235 4191 319 4245; x_wconf 80' lang='lat' dir='ltr'><strong>Istrus</strong></span> <span class='ocrx_word' id='word_1_240' title='bbox 335 4208 379 4263; x_wconf 85' lang='lat' dir='ltr'><strong>ap.</strong></span> <span class='ocrx_word' id='word_1_241' title='bbox 397 4189 487 4244; x_wconf 83' lang='lat' dir='ltr'><strong>Sahal.</strong></span> <span class='ocrx_word' id='word_1_242' title='bbox 506 4191 572 4245; x_wconf 88' lang='lat' dir='ltr'><strong>Oed.</strong></span> <span class='ocrx_word' id='word_1_243' title='bbox 592 4190 651 4246; x_wconf 81' lang='lat' dir='ltr'><strong>cot.</strong></span> <span class='ocrx_word' id='word_1_244' title='bbox 673 4193 732 4263; x_wconf 76' lang='lat'><strong>730.</strong></span> <span class='ocrx_word' id='word_1_245' title='bbox 752 4191 828 4248; x_wconf 87' lang='lat' dir='ltr'><strong>Suid.</strong></span> <span class='ocrx_word' id='word_1_246' title='bbox 847 4193 865 4244; x_wconf 92' lang='lat' dir='ltr'><strong>l.</strong></span> <span class='ocrx_word' id='word_1_247' title='bbox 885 4211 908 4248; x_wconf 88' lang='lat' dir='ltr'><strong>c.</strong></span> <span class='ocrx_word' id='word_1_248' title='bbox 927 4195 932 4260; x_wconf 64' lang='grc' dir='ltr'><em>ἕ</em></span> 
     </span>
    </p>
   </div>
   <div class='ocr_carea' id='block_1_5' title="bbox 165 3846 180 3985">
    <p class='ocr_par' dir='ltr' id='par_1_9' title="bbox 165 3846 180 3985">
     <span class='ocr_line' id='line_1_34' title="bbox 165 3846 180 3896; baseline 0 0"><span class='ocrx_word' id='word_1_249' title='bbox 165 3846 180 3896; x_wconf 80' lang='grc'>3</span> 
     </span>
     <span class='ocr_line' id='line_1_35' title="bbox 165 3935 180 3985; baseline 0 0"><span class='ocrx_word' id='word_1_250' title='bbox 165 3935 180 3985; x_wconf 85' lang='grc'>3</span> 
     </span>
    </p>
   </div>
   <div class='ocr_carea' id='block_1_6' title="bbox 0 0 1485 4882">
    <p class='ocr_par' dir='ltr' id='par_1_10' title="bbox 0 0 1485 4882">
     <span class='ocr_line' id='line_1_36' title="bbox 0 0 1485 4882; baseline 0 0"><span class='ocrx_word' id='word_1_251' title='bbox 0 0 1485 4882; x_wconf 95' lang='lat' dir='ltr'><strong> </strong></span> 
     </span>
    </p>
   </div>
  </div>
 </body>
</html>
