2920 4868
630 399 887 508 '-o-

140 629 143 635 ⁶
232 651 444 714 enumerare,
475 631 511 728 id
538 631 630 726 quod
655 631 755 700 talem
779 635 829 701 rei
854 633 1032 725 imaginem
1058 655 1228 728 nunquam
1256 659 1318 701 ne-

230 759 282 824 bis
310 756 554 851 suppeditabit,
581 775 617 824 ut
640 758 821 850 qnasi‘una
842 755 1069 824 cumGraecis
1086 755 1205 825 festum
1232 757 1321 824 cele-

213 881 328 946 brare
353 882 536 973 possimus,
560 877 620 946 sed
645 883 680 946 in
706 878 877 948 tractanda
902 859 1006 946 hacce
1028 882 1165 950 materia
1187 880 1223 948 id
1246 907 1317 947 ma-

174 1043 176 1050 ·
230 1002 318 1072 xime
351 1000 570 1094 spectandum
607 1027 677 1068 esse
702 1000 853 1081 ridetur,
893 1001 1063 1094 quomodo
1092 1020 1125 1069 et
1156 1023 1319 1096 qnatenus

228 1125 349 1217 singuli
376 1125 578 1216 scriptorum
610 1125 677 1192 loci
703 1115 736 1193 et
761 1127 848 1192 inter
874 1151 909 1192 se
936 1145 969 1192 et
995 1149 1070 1192 cum
1097 1127 1175 1194 artis
1198 1151 1318 1193 monu-

220 1251 348 1315 ‘mentis
382 1249 580 1317 cohaereant
615 1268 714 1344 atque
755 1251 980 1331 consentiant,
1015 1251 1059 1316 ita
1095 1268 1132 1317 ut
1167 1252 1317 1344 utrisque

226 1373 328 1438 rebus
354 1375 536 1466 unaquasi
560 1377 611 1442 rei
634 1373 741 1468 imago
767 1375 802 1440 iu
829 1374 1113 1456 animoswnostros
1142 1375 1317 1466 irrumpat.

227 1496 319 1578 Quae
343 1494 413 1562 sola
449 1498 531 1564 ratio
558 1504 672 1570 aevia
701 1497 959 1580 esse1videtur,
1002 1523 1068 1591 qua
1093 1495 1137 1564 ad
1157 1497 1318 1563 maiorem

129 1669 134 1674 -
225 1621 428 1712 antiquitatis
466 1619 614 1691 Graecae
655 1625 879 1716 cognitionem
925 1622 1102 1714 pervenire
1139 1621 1314 1714 possimus.

222 1743 291 1808 Eae
314 1745 404 1809 enim
422 1745 543 1812 horum
566 1747 754 1814 studiorum
775 1719 886 1840 partes
913 1769 998 1837 quae
1026 1745 1059 1809 in
1086 1741 1313 1812 describendo

226 1865 366 1933 deorum
392 1867 483 1936 cultu
525 1896 564 1937 ac
598 1872 683 1940 vitae
709 1869 911 1938 domesticae
938 1887 1023 1936 statu
1048 1884 1240 1949 versantur,
1276 1891 1317 1933 ex

124 2065 129 2070 f
224 1975 357 2084 scriptis
383 1989 462 2058 solis
481 1993 704 2059 monumentis
721 1994 757 2058 in
774 1991 892 2058 lucem*
905 1991 1052 2086 proferri
1077 2011 1147 2056 non
1164 2005 1315 2081 possunt,

225 2107 285 2177 sed
312 2113 409 2180 sicuti
441 2110 485 2178 ad
517 2113 617 2180 vitam
642 2112 850 2180 Graecorum
885 2111 1056 2205 publicum
1085 2107 1315 2178 illustrandam

223 2233 308 2302 nihil
335 2237 440 2303 maius
466 2235 624 2304 auxilium
651 2237 767 2319 affert,
803 2262 904 2330 quam
927 2237 1183 2328 inscriptionum
1207 2232 1314 2324 copia,

223 2358 268 2424 ita
293 2321 421 2424 iniillis
447 2359 651 2450 antiquitatis
677 2358 828 2450 partibus
848 2375 1068 2454 monumenta
1089 2359 1166 2424 artis
1194 2379 1314 2423 consu-

222 2480 324 2547 lenda
346 2499 446 2562 sunt,
481 2477 649 2574 siquidem
675 2483 810 2548 omnino
842 2498 945 2548 totam
969 2481 1056 2548 hanc
1081 2481 1252 2549 materiam
1278 2480 1315 2545 in

222 2622 289 2670 tres
314 2623 425 2698 partes
445 2601 596 2670 dividere
613 2603 711 2671 nobis
734 2575 835 2684 licet,
861 2599 955 2694 quod
979 2598 1070 2668 haud
1092 2601 1161 2670 scio
1184 2625 1227 2670 an
1246 2623 1315 2668 non

198 2730 331 2820 'possit
355 2729 505 2820 probari.

324 2847 394 2916 Scd
420 2875 490 2920 non
515 2850 624 2918 solum
647 2877 687 2918 ex
704 2850 763 2918 illo
779 2841 1027 2922 Wricbsmuthii
1051 2847 1140 2916 libro
1162 2860 1312 2934 apparet,

222 3000 322 3066 quam
350 2974 530 3068 diligenter
554 2977 660 3044 nostri
686 2977 848 3069 temporis
865 2961 1075 3041 doctissimus
1101 2966 1244 3058 quisque
1272 2963 1313 3028 ab

221 3101 474 3194 antiquitatibus
500 3102 601 3168 sacris
628 3099 793 3179 declinet,
829 3119 946 3164 verum
971 3093 1070 3161 etiam
1091 3113 1132 3154 ex
1156 3082 1311 3154 universo
1400 3089 1403 3100 '

220 3223 318 3288 huius
344 3211 501 3290 materiae
516 3251 520 3258 ⁴
535 3240 621 3288 statu
653 3223 788 3301 orbato,
827 3215 934 3311 qualis
962 3238 1053 3283 nunc
1078 3207 1217 3306 quidem
1251 3226 1311 3292 est,

175 3372 177 3376 ¹
219 3342 316 3412 sacile
338 3342 552 3435 intelligitur,
586 3322 688 3435 quam
709 3340 775 3406 late
805 3339 842 3406 in
866 3339 932 3406 hoc
957 3358 1074 3427 eampo
1107 3331 1311 3426 amplissimo

220 3468 367 3537 virorum
397 3466 576 3536 ductorum
605 3463 770 3532 industria
804 3463 914 3556 vagari
943 3458 1057 3553 possit.
1124 3455 1229 3524 Cuius
1259 3457 1310 3522 rei

219 3585 345 3678 duplex
380 3612 493 3654 caussa
530 3585 697 3655 afferenda
731 3610 801 3652 esse
836 3583 917 3648 mihi
950 3579 1092 3650 ridetur.
1157 3582 1309 3648 Deorum

219 3713 309 3784 enim
334 3709 465 3791 cultus,
502 3709 609 3803 qualis
632 3705 723 3802 apud
748 3707 894 3774 Graecos
921 3703 1034 3772 locum
1060 3704 1222 3784 habehat,
1264 3703 1307 3768 ab

219 3834 322 3908 altera
346 3853 442 3928 parte
464 3836 500 3904 iu
517 3836 637 3902 ritibus
657 3833 933 3926 caerimoniisque
955 3832 1056 3899 sacris
1079 3827 1210 3924 positus
1228 3844 1309 3908 erat,

221 3978 321 4052 atque
342 3961 388 4030 ita
410 3959 559 4054 quidem,
585 3946 710 4051 utque
736 3955 831 4024 altius
857 3939 1085 4033 aseeiidamus,
1111 3975 1151 4018 co
1177 3949 1308 4042 saepius

188 4075 190 4086 ¹
222 4082 304 4150 deos
340 4102 477 4151 externo
519 4081 795 4148 caerimoniarum
827 4078 956 4144 honore
988 4072 1094 4142 cultos
1120 4095 1192 4138 esse
1217 4072 1307 4136 inve.

186 4285 190 4300 ι
217 4207 344 4278 niamus
357 4258 367 4289 ,
392 4203 485 4308 quod
509 4202 602 4280 idem
626 4201 696 4273 lere
723 4199 882 4272 Isocrates
909 4195 952 4268 de
978 4197 1098 4290 priscis
1124 4195 1306 4269 Athenien-
