2936 4868
227 496 236 527 .
646 411 894 482 -aa-

221 606 277 675 Ol.
305 606 416 690 66,3
462 626 720 676 commemorata
763 609 969 676 inveniamus
999 605 1059 699 ¹),
1102 631 1165 676 nos
1199 607 1323 706 fngiat·

215 730 351 824 quando
376 732 523 798 instituta
553 733 639 813 sint,
676 733 737 798 etsi
763 730 902 800 fortasse
939 754 1010 798 non
1041 755 1224 825 perperam
1248 753 1315 801 sta·

214 854 357 934 tuimus,
395 853 479 921 haec
504 856 628 922 maiora
649 877 719 922 non
744 853 849 921 multo
874 873 951 922 ante
975 853 1062 920 illud
1096 872 1227 948 tempus
1258 858 1313 922 in-

214 978 326 1043 stituta
349 999 430 1042 esse.
482 977 555 1060 Qua
588 975 632 1042 de
670 1001 783 1042 caussa
810 977 932 1043 eoniici
956 975 1054 1058 licet,
1091 979 1311 1061 Pisistratum,

214 1098 404 1192 Hipparchi
430 1117 580 1192 patrem,
617 1100 684 1167 hoe
715 1099 851 1181 fecisse,
889 1123 994 1193 quum
1033 1117 1176 1194 quantus
1209 1101 1313 1170 fuerit

214 1219 313 1288 huius
340 1225 473 1316 tyranni
497 1224 533 1289 in
554 1222 721 1316 populum
734 1222 991 1290 Atheniensium
1014 1222 1108 1332 lavor
1132 1225 1209 1290 satis
1231 1248 1313 1292 con·

211 1362 295 1430 stet3
335 1371 421 1439 quae
451 1347 613 1413 institutio
650 1347 696 1411 ita
721 1343 920 1437 accipienda
946 1363 1015 1427 est,
1057 1363 1095 1413 ut
1117 1347 1308 1414 Pisistratus

178 1467 180 1471 ’
210 1468 340 1560 primus
366 1467 508 1562 peplum
533 1439 569 1534 in
594 1469 773 1535 Minervae
804 1467 971 1534 honorem
997 1467 1206 1535 circumferri
1241 1471 1312 1536 ius-

212 1591 302 1658 serit.
354 1591 462 1674 Quam
494 1589 633 1685 quidem
661 1615 736 1658 rem
760 1589 846 1656 nihil
881 1592 948 1658 nisi
972 1615 1100 1658 meram
1139 1595 1312 1661 coniectu-

213 1737 286 1779 ram
311 1737 384 1780 esse
422 1715 603 1796 confiteor,
645 1722 750 1807 quu'm
791 1712 951 1806 equidem
986 1715 1124 1804 minime
1162 1716 1310 1800 credam,

211 1837 279 1904 iam
303 1837 428 1904 Thesei
451 1857 605 1928 tempore
629 1837 721 1903 hunc
754 1836 897 1930 peplum
923 1835 1047 1904 sactum
1077 1865 1169 1922 esse,
1209 1867 1311 1933 prae·

211 1960 327 2026 sertim
349 1985 453 2053 quum
473 1960 661 2027 Pisistratus
685 1959 784 2058 etiam
809 1957 908 2049 aliam
929 1962 965 2026 in
982 1961 1224 2030 Panathenaeis
1251 1988 1309 2031 ce·

208 2075 347 2145 lehratis
373 2077 666 2147 commutationem
691 2079 821 2148 lecerit.
886 2083 991 2174 Atqui
1024 2110 1128 2178 quum
1162 2087 1307 2178 scripto-

208 2199 313 2286 res-²)
355 2203 438 2269 haec
480 2227 599 2297 magna
642 2205 873 2271 Panathenaea
920 2193 984 2272 Bao?
1025 2199 1305 2300 πενταετηρίδος

120 2317 127 2328 ’
210 2345 347 2420 peracta
373 2352 445 2394 esse
471 2350 538 2394 uno
566 2351 624 2395 ore
650 2327 804 2410 tradant,
832 2327 991 2421 colligere
1016 2332 1115 2398 nobis
1140 2329 1239 2412 licet,
1267 2357 1306 2398 ea

211 2474 298 2517 anno
328 2452 490 2545 cuiusque
515 2448 728 2544 Olympiadis
755 2452 853 2518 tertio
877 2451 991 2518 habita
1017 2477 1108 2535 esse,
1141 2479 1226 2546 quae
1251 2480 1307 2522 res

212 2575 429 2641 confirmatur
454 2593 488 2641 et
512 2572 608 2642 titulo
636 2574 872 2642 Choiseuliano
891 2569 939 2660 3),
976 2601 1017 2643 ex
1049 2601 1116 2670 quo
1142 2577 1307 2644 Panathe-

211 2721 294 2765 naea
330 2697 457 2764 maiora
490 2695 650 2764 archonte
686 2695 876 2792 Glaucippo
914 2699 935 2763 i.
963 2721 991 2764 e.
1011 2696 1189 2780 Ι01.9ἳ,3
1237 2717 1309 2766 acta

212 2845 285 2889 esse
310 2821 469 2889 discimus
495 2839 530 2889 et
553 2819 649 2890 titulo
675 2818 822 2913 quodam
847 2823 877 2890 F
878 2821 1047 2889 curmonti
1066 2815 1108 2911 l),
1134 2823 1193 2914 qui
1215 2820 1306 2890 idem

216 2970 489 2988 Μ

265 3058 290 3130 ι)
307 3055 393 3110 Thue.
410 3055 456 3108 Vl.
476 3058 517 3110 56.
550 3055 584 3106 ef.
604 3055 624 3106 1.
641 3070 685 3106 ao.
703 3051 834 3109 Herodot.
853 3052 886 3106 V.
899 3056 942 3108 56.
967 3053 1073 3104 Montio
1094 3052 1163 3104 mihi
1180 3052 1307 3106 facienda

316 3151 358 3194 est
375 3143 429 3194 loci
449 3141 540 3192 Schol.
561 3143 606 3192 Ar.
625 3142 685 3193 Pac.
703 3143 771 3210 (μγ,
804 3141 850 3210 qui
868 3141 965 3192 cornici
983 3133 1016 3193 tri
1034 3139 1144 3212 μεγάλα
1161 3142 1306 3206 Harum}-

313 3247 382 3300 rcso
400 3229 438 3280 sie
452 3229 660 3297 interpretatur:
698 3226 752 3296 οὐχ
772 3227 810 3286 ὥς
831 3231 880 3280 καὶ
894 3227 1008 3299 μικρῶν
1033 3225 1123 3282 ὄντων
1145 3226 1228 3282 τοῦτό
1249 3247 1305 3299 φη·

317 3333 381 3381 σιν,
401 3315 457 3370 ἀλλ’
477 3314 570 3377 αὔξων
587 3309 637 3382 τὴν
656 3313 763 3386 χάριν,
782 3315 932 3384 exquibus
950 3314 1040 3368 verbis
1059 3316 1235 3384 interpretem
1257 3333 1306 3366 ve-

313 3414 398 3458 terem
417 3403 597 3456 differentiam
618 3403 689 3454 inter
706 3405 810 3454 maiora
825 3411 853 3454 et
870 3403 974 3454 minora
985 3401 1175 3455 Panathenaea
1193 3402 1304 3453 omnino

315 3493 452 3560 ignorasse
468 3491 579 3542 minime
598 3491 736 3559 sequitur,
755 3489 909 3558 quodvult
929 3489 1063 3540 Meursius
1083 3483 1208 3557 (Panath.
1229 3505 1252 3538 c.
1265 3489 1306 3558 6).

312 3578 382 3632 Num
400 3579 485 3631 rerba
503 3577 654 3629 accuratius
672 3577 829 3646 inspicienti
850 3575 1022 3628 manifestum
1043 3585 1094 3639 est,
1114 3592 1184 3628 eum·
1195 3575 1304 3627 brevius

311 3667 419 3720 tantum
438 3666 558 3718 locutum
575 3680 654 3728 esse,
687 3664 725 3716 ita
746 3672 778 3716 ut
802 3663 892 3716 dicere
919 3663 1054 3727 deberet,
1087 3671 1195 3734 poetam
1216 3664 1303 3713 Pana-

311 3753 429 3807 thenaea
446 3772 548 3824 magna
567 3767 683 3814 vocasse,
701 3768 757 3803 non
776 3760 807 3803 ut
824 3759 977 3820 opponeret
995 3768 1026 3802 ea
1042 3751 1141 3820 parvis,
1162 3749 1211 3801 sed
1232 3765 1303 3818 quo.

311 3859 371 3892 rum
404 3847 517 3908 augeret
543 3847 649 3890 tantum
677 3838 913 3907 magnificentiam.
957 3841 1038 3891 Recte
1068 3839 1141 3892 enim
1172 3835 1293 3890 Naekius

312 3927 419 3998 (Rhein.
440 3927 510 3978 Mus.
530 3927 563 3980 T.
581 3927 602 3980 Ῑ.
622 3944 652 3996 p.
673 3925 733 3994 160)
753 3925 916 3978 scholiastae
933 3927 1016 3978 verba
1033 3927 1173 3995 intelligit.

259 4018 290 4086 ι)
309 4013 403 4077 Saul„
420 4014 577 4083 Harpocrat.
595 4013 708 4083 aliique.

259 4105 290 4172 3)
310 4101 428 4156 Boeckh.
451 4098 748 4159 Staatsh,d.Ath.11.
772 4116 799 4168 p.
823 4101 866 4152 161
891 4107 949 4169 sqq.
969 4099 997 4151 C.
1020 4101 1041 4154 1.
1065 4116 1093 4151 n.
1114 4102 1171 4169 'li-

259 4190 290 4259 4)
309 4187 494 4242 Stratahaush.
514 4187 540 4242 d.
562 4186 624 4240 ath.
644 4187 670 4238 11
698 4203 723 4256 p.
746 4189 801 4240 165.
824 4186 854 4238 C.
876 4186 895 4235 1.
916 4203 943 4236 n.
961 4187 1023 4244 2⁵1.
1208 4178 1210 4184 ¹
