<?xml version="1.0" encoding="UTF-8"?>
<!DOCTYPE html PUBLIC "-//W3C//DTD XHTML 1.0 Transitional//EN"
    "http://www.w3.org/TR/xhtml1/DTD/xhtml1-transitional.dtd">
<html xmlns="http://www.w3.org/1999/xhtml" xml:lang="en" lang="en">
 <head>
  <title>
</title>
<meta http-equiv="Content-Type" content="text/html;charset=utf-8" />
  <meta name='ocr-system' content='tesseract 3.04.00' />
  <meta name='ocr-capabilities' content='ocr_page ocr_carea ocr_par ocr_line ocrx_word'/>
</head>
<body>
  <div class='ocr_page' id='page_1' title='image "./panathenaica01muelgoog_0048.png"; bbox 0 0 2920 4868; ppageno 0'>
   <div class='ocr_carea' id='block_1_1' title="bbox 551 417 798 484">
    <p class='ocr_par' dir='ltr' id='par_1_1' title="bbox 551 417 798 484">
     <span class='ocr_line' id='line_1_1' title="bbox 551 417 798 484; baseline 0.016 -22"><span class='ocrx_word' id='word_1_1' title='bbox 551 417 798 484; x_wconf 79' lang='lat'>...35-</span> 
     </span>
    </p>
   </div>
   <div class='ocr_carea' id='block_1_2' title="bbox 130 565 1313 707">
    <p class='ocr_par' dir='ltr' id='par_1_2' title="bbox 130 565 1313 707">
     <span class='ocr_line' id='line_1_2' title="bbox 130 565 1313 707; baseline -0.001 -29"><span class='ocrx_word' id='word_1_2' title='bbox 130 613 253 678; x_wconf 83' lang='grc' dir='ltr'><strong><em>τοιῦτα</em></strong></span> <span class='ocrx_word' id='word_1_3' title='bbox 285 605 352 707; x_wconf 74' lang='grc' dir='ltr'><strong>γὰρ</strong></span> <span class='ocrx_word' id='word_1_4' title='bbox 387 607 468 700; x_wconf 80' lang='grc' dir='ltr'><em>περὶ</em></span> <span class='ocrx_word' id='word_1_5' title='bbox 498 605 567 677; x_wconf 85' lang='grc' dir='ltr'><strong>τὸν</strong></span> <span class='ocrx_word' id='word_1_6' title='bbox 602 565 739 703; x_wconf 61' lang='grc' dir='ltr'><strong>χρόνον</strong></span> <span class='ocrx_word' id='word_1_7' title='bbox 764 605 971 674; x_wconf 80' lang='grc' dir='ltr'><em>ἐπετελεῖτο</em></span> <span class='ocrx_word' id='word_1_8' title='bbox 995 619 1071 687; x_wconf 83' lang='grc' dir='ltr'><strong><em>τοῖς</em></strong></span> <span class='ocrx_word' id='word_1_9' title='bbox 1096 603 1218 679; x_wconf 82' lang='grc' dir='ltr'><em>Βινδι-</em></span> <span class='ocrx_word' id='word_1_10' title='bbox 1310 647 1313 652; x_wconf 92' lang='grc'>-</span> 
     </span>
    </p>
   </div>
   <div class='ocr_carea' id='block_1_3' title="bbox 127 723 1219 2429">
    <p class='ocr_par' dir='ltr' id='par_1_3' title="bbox 127 723 1219 2429">
     <span class='ocr_line' id='line_1_3' title="bbox 130 723 1218 822; baseline 0.002 -22"><span class='ocrx_word' id='word_1_11' title='bbox 130 726 237 814; x_wconf 82' lang='grc' dir='ltr'><strong>δείοις</strong></span> <span class='ocrx_word' id='word_1_12' title='bbox 270 754 303 802; x_wconf 88' lang='lat' dir='ltr'><strong>et</strong></span> <span class='ocrx_word' id='word_1_13' title='bbox 330 733 393 801; x_wconf 90' lang='lat' dir='ltr'><strong>alio</strong></span> <span class='ocrx_word' id='word_1_14' title='bbox 425 728 571 818; x_wconf 67' lang='lat' dir='ltr'><strong>loco&#39;⁶):</strong></span> <span class='ocrx_word' id='word_1_15' title='bbox 618 723 679 799; x_wconf 86' lang='grc' dir='ltr'><strong>ὅτι</strong></span> <span class='ocrx_word' id='word_1_16' title='bbox 712 754 748 822; x_wconf 71' lang='grc' dir='ltr'><em>γε</em></span> <span class='ocrx_word' id='word_1_17' title='bbox 784 729 853 822; x_wconf 83' lang='grc' dir='ltr'><strong>μὴν</strong></span> <span class='ocrx_word' id='word_1_18' title='bbox 885 728 935 798; x_wconf 84' lang='grc' dir='ltr'><strong>τὰ</strong></span> <span class='ocrx_word' id='word_1_19' title='bbox 967 733 1218 813; x_wconf 61' lang='grc' dir='ltr'><em>Παναθήναια</em></span> 
     </span>
     <span class='ocr_line' id='line_1_4' title="bbox 129 844 1218 952; baseline -0.003 -25"><span class='ocrx_word' id='word_1_20' title='bbox 129 855 193 952; x_wconf 86' lang='grc' dir='ltr'><strong>(τὰ</strong></span> <span class='ocrx_word' id='word_1_21' title='bbox 221 853 349 952; x_wconf 77' lang='grc' dir='ltr'><em>μικρὰ)</em></span> <span class='ocrx_word' id='word_1_22' title='bbox 371 859 449 934; x_wconf 87' lang='grc' dir='ltr'><strong><em>τοῖς</em></strong></span> <span class='ocrx_word' id='word_1_23' title='bbox 474 844 691 932; x_wconf 78' lang='grc' dir='ltr'><em>Βενδιδείοις</em></span> <span class='ocrx_word' id='word_1_24' title='bbox 726 848 848 922; x_wconf 86' lang='grc' dir='ltr'><em>εἵπετο</em></span> <span class='ocrx_word' id='word_1_25' title='bbox 874 851 1042 945; x_wconf 70' lang='grc' dir='ltr'><strong>λέγουσιν</strong></span> <span class='ocrx_word' id='word_1_26' title='bbox 1066 854 1103 923; x_wconf 83' lang='grc' dir='ltr'><strong>οἱ</strong></span> <span class='ocrx_word' id='word_1_27' title='bbox 1128 859 1218 936; x_wconf 78' lang='grc' dir='ltr'><strong><em>ὑπο,-</em></strong></span> 
     </span>
     <span class='ocr_line' id='line_1_5' title="bbox 127 971 1219 1074; baseline -0.001 -26"><span class='ocrx_word' id='word_1_28' title='bbox 127 977 399 1073; x_wconf 78' lang='grc' dir='ltr'><em>μνηματισταὶ,</em></span> <span class='ocrx_word' id='word_1_29' title='bbox 424 975 487 1047; x_wconf 83' lang='grc' dir='ltr'><strong>καὶ</strong></span> <span class='ocrx_word' id='word_1_30' title='bbox 508 974 763 1074; x_wconf 79' lang='grc' dir='ltr'><strong><em>Ἀριστοτέλης</em></strong></span> <span class='ocrx_word' id='word_1_31' title='bbox 785 979 806 1047; x_wconf 89' lang='grc' dir='ltr'>ὁ</span> <span class='ocrx_word' id='word_1_32' title='bbox 828 971 964 1056; x_wconf 83' lang='grc' dir='ltr'><strong><em>Ῥόδιος</em></strong></span> <span class='ocrx_word' id='word_1_33' title='bbox 986 976 1143 1073; x_wconf 86' lang='grc' dir='ltr'><em>ἱστορεῖ,</em></span> <span class='ocrx_word' id='word_1_34' title='bbox 1168 978 1219 1047; x_wconf 87' lang='grc' dir='ltr'><strong>τὰ</strong></span> 
     </span>
     <span class='ocr_line' id='line_1_6' title="bbox 129 1093 1219 1204; baseline -0.003 -30"><span class='ocrx_word' id='word_1_35' title='bbox 129 1106 194 1195; x_wconf 82' lang='grc' dir='ltr'><strong>μὲν</strong></span> <span class='ocrx_word' id='word_1_36' title='bbox 222 1104 261 1174; x_wconf 80' lang='grc' dir='ltr'><strong>ἐν</strong></span> <span class='ocrx_word' id='word_1_37' title='bbox 286 1105 451 1200; x_wconf 78' lang='grc' dir='ltr'><em>Πειραιεῖ</em></span> <span class='ocrx_word' id='word_1_38' title='bbox 477 1094 667 1174; x_wconf 79' lang='grc' dir='ltr'><em>Βενδίδεια</em></span> <span class='ocrx_word' id='word_1_39' title='bbox 704 1105 750 1198; x_wconf 73' lang='grc' dir='ltr'><strong>τῇ</strong></span> <span class='ocrx_word' id='word_1_40' title='bbox 775 1093 894 1170; x_wconf 80' lang='grc' dir='ltr'><em>εἰκάδι</em></span> <span class='ocrx_word' id='word_1_41' title='bbox 920 1103 988 1168; x_wconf 80' lang='grc' dir='ltr'><strong>τοῦ</strong></span> <span class='ocrx_word' id='word_1_42' title='bbox 1006 1101 1219 1204; x_wconf 47' lang='grc' dir='ltr'><em>,Θαργηλιῶ-</em></span> 
     </span>
     <span class='ocr_line' id='line_1_7' title="bbox 128 1217 1218 1319; baseline -0.002 -22"><span class='ocrx_word' id='word_1_43' title='bbox 128 1253 184 1308; x_wconf 86' lang='grc' dir='ltr'><strong>νος</strong></span> <span class='ocrx_word' id='word_1_44' title='bbox 207 1225 485 1308; x_wconf 60' lang='grc' dir='ltr'><em>ἐπιτελεῖσθαι,</em></span> <span class='ocrx_word' id='word_1_45' title='bbox 517 1217 677 1294; x_wconf 58' lang='grc' dir='ltr'><em>ἕπεσθαι</em></span> <span class='ocrx_word' id='word_1_46' title='bbox 704 1218 744 1295; x_wconf 81' lang='grc' dir='ltr'><strong>δὲ</strong></span> <span class='ocrx_word' id='word_1_47' title='bbox 769 1219 941 1319; x_wconf 76' lang='grc' dir='ltr'><em>τοῖςπερὶ</em></span> <span class='ocrx_word' id='word_1_48' title='bbox 965 1220 1032 1302; x_wconf 80' lang='grc' dir='ltr'><strong>τὴν</strong></span> <span class='ocrx_word' id='word_1_49' title='bbox 1058 1222 1218 1306; x_wconf 62' lang='grc' dir='ltr'><em>Ἀθηνᾶν</em></span> 
     </span>
     <span class='ocr_line' id='line_1_8' title="bbox 128 1343 1216 1446; baseline -0.006 -26"><span class='ocrx_word' id='word_1_50' title='bbox 128 1350 276 1443; x_wconf 77' lang='grc' dir='ltr'><strong><em>ἑορτάς,</em></strong></span> <span class='ocrx_word' id='word_1_51' title='bbox 311 1343 437 1446; x_wconf 70' lang='lat' dir='ltr'><strong>&#39;quibus</strong></span> <span class='ocrx_word' id='word_1_52' title='bbox 469 1351 553 1419; x_wconf 90' lang='lat' dir='ltr'><strong>locis</strong></span> <span class='ocrx_word' id='word_1_53' title='bbox 597 1351 748 1445; x_wconf 80' lang='lat' dir='ltr'><strong>adiungit</strong></span> <span class='ocrx_word' id='word_1_54' title='bbox 781 1352 947 1418; x_wconf 87' lang='lat' dir='ltr'><strong>Meursius</strong></span> <span class='ocrx_word' id='word_1_55' title='bbox 978 1350 1167 1418; x_wconf 88' lang='lat' dir='ltr'><strong>Aristotelis</strong></span> <span class='ocrx_word' id='word_1_56' title='bbox 1187 1349 1216 1436; x_wconf 81' lang='grc'><strong>7)</strong></span> 
     </span>
     <span class='ocr_line' id='line_1_9' title="bbox 128 1472 1218 1571; baseline -0.004 -29"><span class='ocrx_word' id='word_1_57' title='bbox 128 1477 300 1571; x_wconf 76' lang='lat' dir='ltr'>stagiritae</span> <span class='ocrx_word' id='word_1_58' title='bbox 334 1477 436 1542; x_wconf 86' lang='lat' dir='ltr'><strong>verba</strong></span> <span class='ocrx_word' id='word_1_59' title='bbox 472 1499 541 1542; x_wconf 84' lang='lat' dir='ltr'><strong>non</strong></span> <span class='ocrx_word' id='word_1_60' title='bbox 578 1478 623 1542; x_wconf 84' lang='lat' dir='ltr'><strong>ita</strong></span> <span class='ocrx_word' id='word_1_61' title='bbox 653 1494 821 1542; x_wconf 87' lang='lat' dir='ltr'><strong>accurata:</strong></span> <span class='ocrx_word' id='word_1_62' title='bbox 857 1473 896 1541; x_wconf 80' lang='grc' dir='ltr'><strong>ἐκ</strong></span> <span class='ocrx_word' id='word_1_63' title='bbox 930 1473 1002 1541; x_wconf 74' lang='grc' dir='ltr'><strong>τῶν</strong></span> <span class='ocrx_word' id='word_1_64' title='bbox 1040 1472 1218 1551; x_wconf 63' lang='grc' dir='ltr'><em>Παναθη-</em></span> 
     </span>
     <span class='ocr_line' id='line_1_10' title="bbox 127 1575 1219 1689; baseline -0.001 -25"><span class='ocrx_word' id='word_1_65' title='bbox 127 1593 237 1664; x_wconf 77' lang='grc' dir='ltr'><em>ναίων</em></span> <span class='ocrx_word' id='word_1_66' title='bbox 263 1595 283 1662; x_wconf 90' lang='grc' dir='ltr'>ὁ</span> <span class='ocrx_word' id='word_1_67' title='bbox 306 1594 426 1672; x_wconf 82' lang='grc' dir='ltr'><strong><em>πλοῦς.</em></strong></span> <span class='ocrx_word' id='word_1_68' title='bbox 477 1575 580 1662; x_wconf 84' lang='lat' dir='ltr'><strong>Aliud</strong></span> <span class='ocrx_word' id='word_1_69' title='bbox 603 1621 706 1689; x_wconf 87' lang='lat' dir='ltr'><strong>quum</strong></span> <span class='ocrx_word' id='word_1_70' title='bbox 733 1595 775 1661; x_wconf 90' lang='lat' dir='ltr'><strong>de</strong></span> <span class='ocrx_word' id='word_1_71' title='bbox 791 1593 1042 1662; x_wconf 85' lang='lat' dir='ltr'><strong>Bendidcorum</strong></span> <span class='ocrx_word' id='word_1_72' title='bbox 1067 1597 1219 1666; x_wconf 84' lang='lat' dir='ltr'><strong>celebra-</strong></span> 
     </span>
     <span class='ocr_line' id='line_1_11' title="bbox 130 1721 1218 1814; baseline 0.002 -28"><span class='ocrx_word' id='word_1_73' title='bbox 130 1741 238 1788; x_wconf 82' lang='lat' dir='ltr'><strong>torum</strong></span> <span class='ocrx_word' id='word_1_74' title='bbox 264 1739 415 1814; x_wconf 88' lang='lat' dir='ltr'><strong>tempore</strong></span> <span class='ocrx_word' id='word_1_75' title='bbox 454 1724 679 1791; x_wconf 88' lang='lat' dir='ltr'><strong>testimonium</strong></span> <span class='ocrx_word' id='word_1_76' title='bbox 718 1745 787 1786; x_wconf 92' lang='lat' dir='ltr'><strong>non</strong></span> <span class='ocrx_word' id='word_1_77' title='bbox 812 1721 1015 1801; x_wconf 84' lang='lat' dir='ltr'><strong>habeamus,</strong></span> <span class='ocrx_word' id='word_1_78' title='bbox 1054 1723 1118 1786; x_wconf 90' lang='lat' dir='ltr'><strong>nisi</strong></span> <span class='ocrx_word' id='word_1_79' title='bbox 1153 1724 1218 1788; x_wconf 88' lang='lat' dir='ltr'><strong>hoc</strong></span> 
     </span>
     <span class='ocr_line' id='line_1_12' title="bbox 130 1813 1219 1935; baseline 0.005 -27"><span class='ocrx_word' id='word_1_80' title='bbox 130 1842 220 1935; x_wconf 88' lang='lat' dir='ltr'><strong>quod</strong></span> <span class='ocrx_word' id='word_1_81' title='bbox 245 1813 384 1910; x_wconf 82' lang='lat' dir='ltr'><strong>Procius</strong></span> <span class='ocrx_word' id='word_1_82' title='bbox 408 1869 448 1910; x_wconf 79' lang='lat' dir='ltr'><strong>ex</strong></span> <span class='ocrx_word' id='word_1_83' title='bbox 483 1843 591 1908; x_wconf 86' lang='lat' dir='ltr'><strong>alieno</strong></span> <span class='ocrx_word' id='word_1_84' title='bbox 620 1844 784 1934; x_wconf 81' lang='lat' dir='ltr'><strong>scriptore</strong></span> <span class='ocrx_word' id='word_1_85' title='bbox 810 1845 968 1935; x_wconf 89' lang='lat' dir='ltr'>sumpsit,</span> <span class='ocrx_word' id='word_1_86' title='bbox 1010 1844 1219 1913; x_wconf 83' lang='lat' dir='ltr'><strong>credendum</strong></span> 
     </span>
     <span class='ocr_line' id='line_1_13' title="bbox 131 1964 1219 2061; baseline 0.006 -31"><span class='ocrx_word' id='word_1_87' title='bbox 131 1985 203 2041; x_wconf 88' lang='lat' dir='ltr'><strong>est,</strong></span> <span class='ocrx_word' id='word_1_88' title='bbox 235 1991 273 2031; x_wconf 89' lang='lat' dir='ltr'><strong>ea</strong></span> <span class='ocrx_word' id='word_1_89' title='bbox 299 1991 357 2031; x_wconf 90' lang='lat' dir='ltr'><strong>seu</strong></span> <span class='ocrx_word' id='word_1_90' title='bbox 383 1967 540 2057; x_wconf 85' lang='lat' dir='ltr'><strong>vigesimo</strong></span> <span class='ocrx_word' id='word_1_91' title='bbox 567 1990 624 2030; x_wconf 88' lang='lat' dir='ltr'><strong>seu</strong></span> <span class='ocrx_word' id='word_1_92' title='bbox 653 1964 920 2057; x_wconf 85' lang='lat' dir='ltr'><strong>undevigesimo,</strong></span> <span class='ocrx_word' id='word_1_93' title='bbox 954 1993 1055 2061; x_wconf 89' lang='lat' dir='ltr'><strong>quem</strong></span> <span class='ocrx_word' id='word_1_94' title='bbox 1079 1967 1219 2037; x_wconf 82' lang='lat' dir='ltr'><strong>Procius</strong></span> 
     </span>
     <span class='ocr_line' id='line_1_14' title="bbox 130 2083 1217 2182; baseline 0.002 -26"><span class='ocrx_word' id='word_1_95' title='bbox 130 2089 192 2156; x_wconf 86' lang='lat' dir='ltr'><strong>alio</strong></span> <span class='ocrx_word' id='word_1_96' title='bbox 220 2087 313 2155; x_wconf 85' lang='lat' dir='ltr'><strong>affert</strong></span> <span class='ocrx_word' id='word_1_97' title='bbox 337 2088 413 2156; x_wconf 86' lang='lat' dir='ltr'><strong>loco</strong></span> <span class='ocrx_word' id='word_1_98' title='bbox 432 2083 481 2173; x_wconf 84' lang='lat'><strong>8),</strong></span> <span class='ocrx_word' id='word_1_99' title='bbox 522 2087 755 2181; x_wconf 85' lang='lat' dir='ltr'><strong>Thargelionis</strong></span> <span class='ocrx_word' id='word_1_100' title='bbox 793 2087 870 2169; x_wconf 84' lang='lat' dir='ltr'><strong>die,</strong></span> <span class='ocrx_word' id='word_1_101' title='bbox 906 2091 973 2157; x_wconf 89' lang='lat' dir='ltr'><strong>sive</strong></span> <span class='ocrx_word' id='word_1_102' title='bbox 1011 2091 1217 2182; x_wconf 86' lang='lat' dir='ltr'><strong>paenultimo</strong></span> 
     </span>
     <span class='ocr_line' id='line_1_15' title="bbox 131 2209 1217 2305; baseline 0 -27"><span class='ocrx_word' id='word_1_103' title='bbox 131 2215 205 2279; x_wconf 88' lang='lat' dir='ltr'><strong>anni</strong></span> <span class='ocrx_word' id='word_1_104' title='bbox 230 2237 344 2278; x_wconf 87' lang='lat' dir='ltr'><strong>mense</strong></span> <span class='ocrx_word' id='word_1_105' title='bbox 372 2231 442 2278; x_wconf 85' lang='lat' dir='ltr'><strong>acta</strong></span> <span class='ocrx_word' id='word_1_106' title='bbox 466 2236 546 2278; x_wconf 86' lang='lat' dir='ltr'><strong>esse.</strong></span> <span class='ocrx_word' id='word_1_107' title='bbox 599 2209 788 2303; x_wconf 79' lang='lat' dir='ltr'><strong>Scriptores</strong></span> <span class='ocrx_word' id='word_1_108' title='bbox 811 2229 936 2293; x_wconf 88' lang='lat' dir='ltr'><strong>autem,</strong></span> <span class='ocrx_word' id='word_1_109' title='bbox 969 2237 1052 2305; x_wconf 87' lang='lat' dir='ltr'><strong>quos</strong></span> <span class='ocrx_word' id='word_1_110' title='bbox 1078 2214 1217 2280; x_wconf 80' lang='lat' dir='ltr'><strong>Procles</strong></span> 
     </span>
     <span class='ocr_line' id='line_1_16' title="bbox 130 2331 1218 2429; baseline 0 -27"><span class='ocrx_word' id='word_1_111' title='bbox 130 2355 270 2429; x_wconf 83' lang='lat' dir='ltr'><strong>spectat,</strong></span> <span class='ocrx_word' id='word_1_112' title='bbox 296 2333 381 2402; x_wconf 88' lang='lat' dir='ltr'><strong>nihil</strong></span> <span class='ocrx_word' id='word_1_113' title='bbox 403 2337 467 2402; x_wconf 88' lang='lat' dir='ltr'><strong>uisi</strong></span> <span class='ocrx_word' id='word_1_114' title='bbox 493 2336 663 2402; x_wconf 83' lang='lat' dir='ltr'><strong>Minervae</strong></span> <span class='ocrx_word' id='word_1_115' title='bbox 688 2331 771 2400; x_wconf 81' lang='lat' dir='ltr'><strong>festa</strong></span> <span class='ocrx_word' id='word_1_116' title='bbox 795 2332 1044 2403; x_wconf 81' lang='lat' dir='ltr'><strong>Bendideorum</strong></span> <span class='ocrx_word' id='word_1_117' title='bbox 1070 2335 1218 2403; x_wconf 85' lang='lat' dir='ltr'><strong>celebra-</strong></span> 
     </span>
    </p>
   </div>
   <div class='ocr_carea' id='block_1_4' title="bbox 135 2550 403 2574">
    <p class='ocr_par' dir='ltr' id='par_1_4' title="bbox 135 2550 403 2574">
     <span class='ocr_line' id='line_1_17' title="bbox 135 2550 403 2574; baseline 0 -11"><span class='ocrx_word' id='word_1_118' title='bbox 135 2550 403 2574; x_wconf 68' lang='lat'>..‚.....-........</span> 
     </span>
    </p>
   </div>
   <div class='ocr_carea' id='block_1_5' title="bbox 181 2686 1217 4171">
    <p class='ocr_par' dir='ltr' id='par_1_5' title="bbox 181 2686 407 2758">
     <span class='ocr_line' id='line_1_18' title="bbox 181 2686 407 2758; baseline -0.009 -18"><span class='ocrx_word' id='word_1_119' title='bbox 181 2690 209 2758; x_wconf 88' lang='lat'><strong>6)</strong></span> <span class='ocrx_word' id='word_1_120' title='bbox 229 2686 298 2738; x_wconf 83' lang='lat' dir='ltr'><strong>ibid.</strong></span> <span class='ocrx_word' id='word_1_121' title='bbox 318 2702 343 2754; x_wconf 90' lang='lat' dir='ltr'><strong>p.</strong></span> <span class='ocrx_word' id='word_1_122' title='bbox 363 2699 407 2754; x_wconf 68' lang='grc' dir='ltr'><strong>η.</strong></span> 
     </span>
    </p>

    <p class='ocr_par' dir='ltr' id='par_1_6' title="bbox 182 2784 1217 4171">
     <span class='ocr_line' id='line_1_19' title="bbox 182 2784 1217 2864; baseline -0.002 -22"><span class='ocrx_word' id='word_1_123' title='bbox 182 2793 208 2864; x_wconf 76' lang='lat'><strong>7)</strong></span> <span class='ocrx_word' id='word_1_124' title='bbox 227 2791 376 2857; x_wconf 61' lang='lat' dir='ltr'><strong>Degener.</strong></span> <span class='ocrx_word' id='word_1_125' title='bbox 395 2785 502 2837; x_wconf 88' lang='lat' dir='ltr'><strong>animal.</strong></span> <span class='ocrx_word' id='word_1_126' title='bbox 521 2787 540 2836; x_wconf 90' lang='lat'><strong>1.</strong></span> <span class='ocrx_word' id='word_1_127' title='bbox 566 2787 604 2836; x_wconf 80' lang='lat'><strong>18.</strong></span> <span class='ocrx_word' id='word_1_128' title='bbox 643 2785 715 2836; x_wconf 82' lang='lat' dir='ltr'><strong>Haec</strong></span> <span class='ocrx_word' id='word_1_129' title='bbox 736 2784 895 2856; x_wconf 78' lang='lat' dir='ltr'><strong>philosophi</strong></span> <span class='ocrx_word' id='word_1_130' title='bbox 920 2787 1001 2839; x_wconf 82' lang='lat' dir='ltr'><strong>verba</strong></span> <span class='ocrx_word' id='word_1_131' title='bbox 1032 2787 1066 2838; x_wconf 88' lang='lat' dir='ltr'><strong>de</strong></span> <span class='ocrx_word' id='word_1_132' title='bbox 1084 2790 1217 2840; x_wconf 85' lang='lat' dir='ltr'><strong>Panathe-</strong></span> 
     </span>
     <span class='ocr_line' id='line_1_20' title="bbox 234 2872 1213 2940; baseline -0.002 -12"><span class='ocrx_word' id='word_1_133' title='bbox 234 2878 308 2928; x_wconf 88' lang='lat' dir='ltr'><strong>naeis</strong></span> <span class='ocrx_word' id='word_1_134' title='bbox 329 2878 357 2926; x_wconf 92' lang='lat' dir='ltr'><strong>in</strong></span> <span class='ocrx_word' id='word_1_135' title='bbox 376 2875 549 2935; x_wconf 84' lang='lat' dir='ltr'><strong>universum,</strong></span> <span class='ocrx_word' id='word_1_136' title='bbox 577 2872 683 2922; x_wconf 83' lang='lat' dir='ltr'><strong>sublata</strong></span> <span class='ocrx_word' id='word_1_137' title='bbox 702 2875 831 2930; x_wconf 84' lang='lat' dir='ltr'><strong>maiorum</strong></span> <span class='ocrx_word' id='word_1_138' title='bbox 856 2883 884 2926; x_wconf 89' lang='lat' dir='ltr'><strong>et</strong></span> <span class='ocrx_word' id='word_1_139' title='bbox 903 2877 1035 2926; x_wconf 83' lang='lat' dir='ltr'><strong>minorum</strong></span> <span class='ocrx_word' id='word_1_140' title='bbox 1052 2875 1213 2940; x_wconf 78' lang='lat' dir='ltr'><strong>differentia,</strong></span> 
     </span>
     <span class='ocr_line' id='line_1_21' title="bbox 229 2959 1217 3034; baseline 0 -18"><span class='ocrx_word' id='word_1_141' title='bbox 229 2962 406 3031; x_wconf 76' lang='lat' dir='ltr'><strong>intelligenda</strong></span> <span class='ocrx_word' id='word_1_142' title='bbox 428 2978 502 3022; x_wconf 82' lang='lat' dir='ltr'><strong>esse,</strong></span> <span class='ocrx_word' id='word_1_143' title='bbox 532 2975 565 3010; x_wconf 79' lang='lat' dir='ltr'><strong>ex</strong></span> <span class='ocrx_word' id='word_1_144' title='bbox 586 2959 681 3010; x_wconf 84' lang='lat' dir='ltr'><strong>eodem</strong></span> <span class='ocrx_word' id='word_1_145' title='bbox 714 2967 890 3031; x_wconf 78' lang='lat' dir='ltr'><strong>utrorumque</strong></span> <span class='ocrx_word' id='word_1_146' title='bbox 916 2971 1038 3034; x_wconf 86' lang='lat' dir='ltr'><strong>tempore</strong></span> <span class='ocrx_word' id='word_1_147' title='bbox 1062 2965 1136 3032; x_wconf 82' lang='lat' dir='ltr'><strong>quod</strong></span> <span class='ocrx_word' id='word_1_148' title='bbox 1154 2983 1217 3016; x_wconf 78' lang='lat' dir='ltr'><strong>mox</strong></span> 
     </span>
     <span class='ocr_line' id='line_1_22' title="bbox 232 3047 1217 3120; baseline 0.002 -18"><span class='ocrx_word' id='word_1_149' title='bbox 232 3061 397 3114; x_wconf 81' lang='lat' dir='ltr'><strong>statuemus,</strong></span> <span class='ocrx_word' id='word_1_150' title='bbox 415 3057 550 3118; x_wconf 82' lang='lat' dir='ltr'><strong>aequetur.</strong></span> <span class='ocrx_word' id='word_1_151' title='bbox 587 3047 722 3098; x_wconf 81' lang='lat' dir='ltr'><strong>Meursius</strong></span> <span class='ocrx_word' id='word_1_152' title='bbox 739 3056 829 3098; x_wconf 88' lang='lat' dir='ltr'><strong>autem</strong></span> <span class='ocrx_word' id='word_1_153' title='bbox 843 3050 1003 3117; x_wconf 85' lang='lat' dir='ltr'><strong>petitionem</strong></span> <span class='ocrx_word' id='word_1_154' title='bbox 1020 3067 1099 3120; x_wconf 85' lang='lat' dir='ltr'><strong>quam</strong></span> <span class='ocrx_word' id='word_1_155' title='bbox 1122 3051 1217 3106; x_wconf 85' lang='lat' dir='ltr'><strong>‹licunt</strong></span> 
     </span>
     <span class='ocr_line' id='line_1_23' title="bbox 232 3135 1217 3208; baseline 0.001 -19"><span class='ocrx_word' id='word_1_156' title='bbox 232 3139 359 3208; x_wconf 82' lang='lat' dir='ltr'><strong>principii</strong></span> <span class='ocrx_word' id='word_1_157' title='bbox 378 3137 524 3199; x_wconf 81' lang='lat' dir='ltr'><strong>commisit,</strong></span> <span class='ocrx_word' id='word_1_158' title='bbox 546 3135 609 3185; x_wconf 84' lang='lat' dir='ltr'><strong>dum</strong></span> <span class='ocrx_word' id='word_1_159' title='bbox 629 3142 815 3201; x_wconf 76' lang='lat' dir='ltr'><strong>argumentum</strong></span> <span class='ocrx_word' id='word_1_160' title='bbox 834 3152 867 3186; x_wconf 74' lang='lat' dir='ltr'><strong>ex</strong></span> <span class='ocrx_word' id='word_1_161' title='bbox 886 3136 928 3187; x_wconf 81' lang='lat' dir='ltr'><strong>hia</strong></span> <span class='ocrx_word' id='word_1_162' title='bbox 946 3138 1036 3189; x_wconf 85' lang='lat' dir='ltr'><strong>verbis</strong></span> <span class='ocrx_word' id='word_1_163' title='bbox 1057 3137 1091 3189; x_wconf 87' lang='lat' dir='ltr'><strong>ad</strong></span> <span class='ocrx_word' id='word_1_164' title='bbox 1106 3149 1217 3190; x_wconf 86' lang='lat' dir='ltr'><strong>senten-</strong></span> 
     </span>
     <span class='ocr_line' id='line_1_24' title="bbox 231 3205 1215 3293; baseline 0 -16"><span class='ocrx_word' id='word_1_165' title='bbox 231 3229 295 3277; x_wconf 87' lang='lat' dir='ltr'><strong>tiam</strong></span> <span class='ocrx_word' id='word_1_166' title='bbox 313 3243 386 3277; x_wconf 79' lang='lat' dir='ltr'><strong>snam</strong></span> <span class='ocrx_word' id='word_1_167' title='bbox 405 3224 439 3275; x_wconf 88' lang='lat' dir='ltr'><strong>de</strong></span> <span class='ocrx_word' id='word_1_168' title='bbox 459 3223 652 3274; x_wconf 81' lang='lat' dir='ltr'><strong>Panathenaeis</strong></span> <span class='ocrx_word' id='word_1_169' title='bbox 683 3223 834 3274; x_wconf 85' lang='lat' dir='ltr'><strong>minoribus</strong></span> <span class='ocrx_word' id='word_1_170' title='bbox 861 3205 1052 3293; x_wconf 74' lang='lat' dir='ltr'><strong>Thargolione¹</strong></span> <span class='ocrx_word' id='word_1_171' title='bbox 1071 3227 1215 3278; x_wconf 83' lang='lat' dir='ltr'><strong>celebratis</strong></span> 
     </span>
     <span class='ocr_line' id='line_1_25' title="bbox 232 3310 1215 3383; baseline -0.001 -17"><span class='ocrx_word' id='word_1_172' title='bbox 232 3312 442 3366; x_wconf 81' lang='lat' dir='ltr'><strong>confirmandam</strong></span> <span class='ocrx_word' id='word_1_173' title='bbox 460 3313 558 3376; x_wconf 69' lang='lat' dir='ltr'><strong>sumit,</strong></span> <span class='ocrx_word' id='word_1_174' title='bbox 593 3310 659 3362; x_wconf 87' lang='lat' dir='ltr'><strong>dicit</strong></span> <span class='ocrx_word' id='word_1_175' title='bbox 683 3311 754 3362; x_wconf 87' lang='lat' dir='ltr'><strong>enim</strong></span> <span class='ocrx_word' id='word_1_176' title='bbox 773 3313 856 3364; x_wconf 82' lang='lat' dir='ltr'><strong>verba</strong></span> <span class='ocrx_word' id='word_1_177' title='bbox 881 3313 974 3364; x_wconf 83' lang='lat' dir='ltr'><strong>referri</strong></span> <span class='ocrx_word' id='word_1_178' title='bbox 1003 3331 1059 3367; x_wconf 90' lang='lat' dir='ltr'><strong>non</strong></span> <span class='ocrx_word' id='word_1_179' title='bbox 1083 3331 1161 3383; x_wconf 78' lang='lat' dir='ltr'><strong>posse</strong></span> <span class='ocrx_word' id='word_1_180' title='bbox 1181 3316 1215 3365; x_wconf 88' lang='lat' dir='ltr'><strong>ad</strong></span> 
     </span>
     <span class='ocr_line' id='line_1_26' title="bbox 231 3398 1216 3467; baseline 0.002 -15"><span class='ocrx_word' id='word_1_181' title='bbox 231 3402 420 3452; x_wconf 79' lang='lat' dir='ltr'><strong>Panathenaea</strong></span> <span class='ocrx_word' id='word_1_182' title='bbox 435 3398 562 3461; x_wconf 70' lang='lat' dir='ltr'><strong>maiora,</strong></span> <span class='ocrx_word' id='word_1_183' title='bbox 584 3400 648 3467; x_wconf 86' lang='lat' dir='ltr'><strong>quia</strong></span> <span class='ocrx_word' id='word_1_184' title='bbox 670 3399 905 3452; x_wconf 83' lang='lat' dir='ltr'><strong>Hecatombaeone</strong></span> <span class='ocrx_word' id='word_1_185' title='bbox 924 3401 1059 3452; x_wconf 77' lang='lat' dir='ltr'><strong>celebrata</strong></span> <span class='ocrx_word' id='word_1_186' title='bbox 1079 3403 1140 3454; x_wconf 86' lang='lat' dir='ltr'><strong>sint.</strong></span> <span class='ocrx_word' id='word_1_187' title='bbox 1178 3405 1216 3454; x_wconf 75' lang='lat' dir='ltr'><strong>Ex</strong></span> 
     </span>
     <span class='ocr_line' id='line_1_27' title="bbox 229 3485 1215 3558; baseline 0.003 -19"><span class='ocrx_word' id='word_1_188' title='bbox 229 3490 271 3540; x_wconf 89' lang='lat' dir='ltr'><strong>his</strong></span> <span class='ocrx_word' id='word_1_189' title='bbox 291 3505 375 3550; x_wconf 86' lang='lat' dir='ltr'><strong>vero,</strong></span> <span class='ocrx_word' id='word_1_190' title='bbox 405 3489 426 3539; x_wconf 87' lang='lat' dir='ltr'><strong>si</strong></span> <span class='ocrx_word' id='word_1_191' title='bbox 445 3493 568 3537; x_wconf 77' lang='lat' dir='ltr'><strong>accinate</strong></span> <span class='ocrx_word' id='word_1_192' title='bbox 588 3485 717 3554; x_wconf 83' lang='lat' dir='ltr'><strong>inspicis,</strong></span> <span class='ocrx_word' id='word_1_193' title='bbox 737 3487 891 3538; x_wconf 82' lang='lat' dir='ltr'><strong>Aristotelis</strong></span> <span class='ocrx_word' id='word_1_194' title='bbox 908 3489 1017 3551; x_wconf 81' lang='lat' dir='ltr'><strong>verbis,</strong></span> <span class='ocrx_word' id='word_1_195' title='bbox 1046 3489 1145 3558; x_wconf 85' lang='lat' dir='ltr'><strong>quibus</strong></span> <span class='ocrx_word' id='word_1_196' title='bbox 1167 3491 1215 3542; x_wconf 84' lang='lat' dir='ltr'><strong>ad-</strong></span> 
     </span>
     <span class='ocr_line' id='line_1_28' title="bbox 233 3571 1216 3646; baseline 0.001 -20"><span class='ocrx_word' id='word_1_197' title='bbox 233 3574 384 3644; x_wconf 83' lang='lat' dir='ltr'><strong>iungendus</strong></span> <span class='ocrx_word' id='word_1_198' title='bbox 411 3583 453 3626; x_wconf 81' lang='lat' dir='ltr'><strong>est</strong></span> <span class='ocrx_word' id='word_1_199' title='bbox 469 3574 601 3624; x_wconf 77' lang='lat' dir='ltr'><strong>Maximus</strong></span> <span class='ocrx_word' id='word_1_200' title='bbox 621 3571 719 3640; x_wconf 79' lang='lat' dir='ltr'><strong>Tyrius</strong></span> <span class='ocrx_word' id='word_1_201' title='bbox 745 3574 868 3643; x_wconf 84' lang='lat' dir='ltr'><strong>(Dissert.</strong></span> <span class='ocrx_word' id='word_1_202' title='bbox 885 3575 1030 3641; x_wconf 63' lang='lat' dir='ltr'><strong>xxxma,</strong></span> <span class='ocrx_word' id='word_1_203' title='bbox 1057 3577 1133 3626; x_wconf 82' lang='lat' dir='ltr'><strong>cuius</strong></span> <span class='ocrx_word' id='word_1_204' title='bbox 1154 3580 1216 3646; x_wconf 86' lang='lat' dir='ltr'><strong>qui-</strong></span> 
     </span>
     <span class='ocr_line' id='line_1_29' title="bbox 233 3659 1214 3730; baseline -0.001 -15"><span class='ocrx_word' id='word_1_205' title='bbox 233 3665 293 3715; x_wconf 89' lang='lat' dir='ltr'><strong>dem</strong></span> <span class='ocrx_word' id='word_1_206' title='bbox 312 3662 378 3714; x_wconf 80' lang='lat' dir='ltr'><strong>fides</strong></span> <span class='ocrx_word' id='word_1_207' title='bbox 399 3679 453 3713; x_wconf 90' lang='lat' dir='ltr'><strong>non</strong></span> <span class='ocrx_word' id='word_1_208' title='bbox 471 3662 538 3712; x_wconf 86' lang='lat' dir='ltr'><strong>tanti</strong></span> <span class='ocrx_word' id='word_1_209' title='bbox 559 3659 724 3712; x_wconf 81' lang='lat' dir='ltr'><strong>aestimanda</strong></span> <span class='ocrx_word' id='word_1_210' title='bbox 743 3662 839 3730; x_wconf 88' lang='lat' dir='ltr'><strong>quanti</strong></span> <span class='ocrx_word' id='word_1_211' title='bbox 858 3661 1019 3724; x_wconf 86' lang='lat' dir='ltr'><strong>Aristotelis,</strong></span> <span class='ocrx_word' id='word_1_212' title='bbox 1038 3663 1130 3730; x_wconf 80' lang='lat' dir='ltr'><strong>colligi</strong></span> <span class='ocrx_word' id='word_1_213' title='bbox 1143 3664 1214 3726; x_wconf 84' lang='lat' dir='ltr'><strong>licet,</strong></span> 
     </span>
     <span class='ocr_line' id='line_1_30' title="bbox 232 3733 1213 3819; baseline -0.001 -17"><span class='ocrx_word' id='word_1_214' title='bbox 232 3751 481 3802; x_wconf 84' lang='lat' dir='ltr'><strong>Panathenaeorum</strong></span> <span class='ocrx_word' id='word_1_215' title='bbox 515 3757 691 3818; x_wconf 82' lang='lat' dir='ltr'><strong>utrorumque</strong></span> <span class='ocrx_word' id='word_1_216' title='bbox 724 3733 829 3818; x_wconf 80' lang='lat' dir='ltr'><strong>¹tempus</strong></span> <span class='ocrx_word' id='word_1_217' title='bbox 865 3765 947 3800; x_wconf 87' lang='lat' dir='ltr'><strong>unum</strong></span> <span class='ocrx_word' id='word_1_218' title='bbox 984 3749 1112 3819; x_wconf 90' lang='lat' dir='ltr'><strong>idemque</strong></span> <span class='ocrx_word' id='word_1_219' title='bbox 1146 3767 1213 3801; x_wconf 83' lang='lat' dir='ltr'><strong>esse.</strong></span> 
     </span>
     <span class='ocr_line' id='line_1_31' title="bbox 232 3835 1214 3910; baseline -0.004 -20"><span class='ocrx_word' id='word_1_220' title='bbox 232 3839 280 3890; x_wconf 88' lang='lat' dir='ltr'><strong>Sin</strong></span> <span class='ocrx_word' id='word_1_221' title='bbox 301 3855 395 3900; x_wconf 85' lang='lat' dir='ltr'><strong>secus,</strong></span> <span class='ocrx_word' id='word_1_222' title='bbox 416 3837 576 3888; x_wconf 85' lang='lat' dir='ltr'><strong>Aristoteles</strong></span> <span class='ocrx_word' id='word_1_223' title='bbox 596 3837 654 3887; x_wconf 83' lang='lat' dir='ltr'><strong>sine</strong></span> <span class='ocrx_word' id='word_1_224' title='bbox 673 3835 756 3886; x_wconf 89' lang='lat' dir='ltr'><strong>dubio</strong></span> <span class='ocrx_word' id='word_1_225' title='bbox 785 3835 897 3907; x_wconf 74' lang='grc' dir='ltr'><em>μικρῶν</em></span> <span class='ocrx_word' id='word_1_226' title='bbox 921 3835 964 3886; x_wconf 84' lang='lat' dir='ltr'><strong>vel</strong></span> <span class='ocrx_word' id='word_1_227' title='bbox 980 3837 1113 3910; x_wconf 77' lang='grc' dir='ltr'><em>μεγάλων</em></span> <span class='ocrx_word' id='word_1_228' title='bbox 1135 3837 1214 3887; x_wconf 52' lang='lat' dir='ltr'><strong>adia*</strong></span> 
     </span>
     <span class='ocr_line' id='line_1_32' title="bbox 232 3913 1213 4010; baseline -0.002 -34"><span class='ocrx_word' id='word_1_229' title='bbox 232 3928 321 3978; x_wconf 76' lang='lat' dir='ltr'><strong>risset.</strong></span> <span class='ocrx_word' id='word_1_230' title='bbox 357 3925 428 3975; x_wconf 81' lang='lat' dir='ltr'><strong>Max.</strong></span> <span class='ocrx_word' id='word_1_231' title='bbox 448 3927 521 3976; x_wconf 85' lang='lat' dir='ltr'><strong>enim</strong></span> <span class='ocrx_word' id='word_1_232' title='bbox 539 3922 636 3990; x_wconf 84' lang='lat' dir='ltr'><strong>Tyrius</strong></span> <span class='ocrx_word' id='word_1_233' title='bbox 665 3924 719 3974; x_wconf 86' lang='lat' dir='ltr'><strong>alia</strong></span> <span class='ocrx_word' id='word_1_234' title='bbox 737 3913 801 3974; x_wconf 46' lang='lat' dir='ltr'><strong>&#39;aliis</strong></span> <span class='ocrx_word' id='word_1_235' title='bbox 821 3923 874 4010; x_wconf 50' lang='lat' dir='ltr'><strong>pliis</strong></span> <span class='ocrx_word' id='word_1_236' title='bbox 892 3941 965 3974; x_wconf 82' lang='lat' dir='ltr'><strong>sacra</strong></span> <span class='ocrx_word' id='word_1_237' title='bbox 985 3940 1043 3975; x_wconf 85' lang='lat' dir='ltr'><strong>esse</strong></span> <span class='ocrx_word' id='word_1_238' title='bbox 1062 3925 1125 3975; x_wconf 87' lang='lat' dir='ltr'><strong>anni</strong></span> <span class='ocrx_word' id='word_1_239' title='bbox 1144 3935 1213 3975; x_wconf 79' lang='lat' dir='ltr'><strong>tena-</strong></span> 
     </span>
     <span class='ocr_line' id='line_1_33' title="bbox 234 4010 1213 4084; baseline 0 -20"><span class='ocrx_word' id='word_1_240' title='bbox 234 4031 301 4084; x_wconf 79' lang='lat' dir='ltr'><strong>pora</strong></span> <span class='ocrx_word' id='word_1_241' title='bbox 321 4012 407 4075; x_wconf 79' lang='lat' dir='ltr'><strong>dicit,</strong></span> <span class='ocrx_word' id='word_1_242' title='bbox 427 4012 498 4062; x_wconf 88' lang='lat' dir='ltr'><strong>inter</strong></span> <span class='ocrx_word' id='word_1_243' title='bbox 515 4026 584 4082; x_wconf 82' lang='lat' dir='ltr'><strong>qnae</strong></span> <span class='ocrx_word' id='word_1_244' title='bbox 604 4010 791 4062; x_wconf 77' lang='lat' dir='ltr'><strong>Panathenaea</strong></span> <span class='ocrx_word' id='word_1_245' title='bbox 812 4020 965 4073; x_wconf 84' lang='lat' dir='ltr'><strong>enumerat,</strong></span> <span class='ocrx_word' id='word_1_246' title='bbox 986 4011 1061 4082; x_wconf 82' lang='lat' dir='ltr'><strong>quod</strong></span> <span class='ocrx_word' id='word_1_247' title='bbox 1080 4011 1139 4064; x_wconf 86' lang='lat' dir='ltr'><strong>fieri</strong></span> <span class='ocrx_word' id='word_1_248' title='bbox 1157 4028 1213 4064; x_wconf 86' lang='lat' dir='ltr'><strong>non</strong></span> 
     </span>
     <span class='ocr_line' id='line_1_34' title="bbox 231 4095 1051 4171; baseline 0 -19"><span class='ocrx_word' id='word_1_249' title='bbox 231 4102 340 4171; x_wconf 85' lang='lat' dir='ltr'><strong>potuit,</strong></span> <span class='ocrx_word' id='word_1_250' title='bbox 361 4101 382 4150; x_wconf 82' lang='lat' dir='ltr'><strong>si</strong></span> <span class='ocrx_word' id='word_1_251' title='bbox 402 4098 509 4150; x_wconf 81' lang='lat' dir='ltr'><strong>duobos</strong></span> <span class='ocrx_word' id='word_1_252' title='bbox 529 4100 593 4151; x_wconf 86' lang='lat' dir='ltr'><strong>anni</strong></span> <span class='ocrx_word' id='word_1_253' title='bbox 612 4099 778 4168; x_wconf 85' lang='lat' dir='ltr'><strong>temporibus</strong></span> <span class='ocrx_word' id='word_1_254' title='bbox 796 4095 934 4150; x_wconf 80' lang='lat' dir='ltr'><strong>celebrata</strong></span> <span class='ocrx_word' id='word_1_255' title='bbox 954 4108 1051 4152; x_wconf 82' lang='lat' dir='ltr'><strong>essent.</strong></span> 
     </span>
    </p>
   </div>
   <div class='ocr_carea' id='block_1_6' title="bbox 181 4203 537 4276">
    <p class='ocr_par' dir='ltr' id='par_1_7' title="bbox 181 4203 537 4276">
     <span class='ocr_line' id='line_1_35' title="bbox 181 4203 537 4276; baseline -0.034 -14"><span class='ocrx_word' id='word_1_256' title='bbox 181 4208 209 4276; x_wconf 85' lang='lat'><strong>8)</strong></span> <span class='ocrx_word' id='word_1_257' title='bbox 230 4207 269 4258; x_wconf 81' lang='lat' dir='ltr'><strong>hd</strong></span> <span class='ocrx_word' id='word_1_258' title='bbox 288 4205 354 4258; x_wconf 83' lang='lat' dir='ltr'><strong>Plat.</strong></span> <span class='ocrx_word' id='word_1_259' title='bbox 377 4203 445 4255; x_wconf 86' lang='lat' dir='ltr'><strong>Tim.</strong></span> <span class='ocrx_word' id='word_1_260' title='bbox 468 4219 493 4272; x_wconf 91' lang='lat' dir='ltr'><strong>p.</strong></span> <span class='ocrx_word' id='word_1_261' title='bbox 512 4223 537 4270; x_wconf 83' lang='lat'><strong>9.</strong></span> 
     </span>
    </p>
   </div>
   <div class='ocr_carea' id='block_1_7' title="bbox 0 0 1464 4868">
    <p class='ocr_par' dir='ltr' id='par_1_8' title="bbox 0 0 1464 4868">
     <span class='ocr_line' id='line_1_36' title="bbox 0 0 1464 4868; baseline 0 1"><span class='ocrx_word' id='word_1_262' title='bbox 0 0 1464 4868; x_wconf 95' lang='lat' dir='ltr'><strong> </strong></span> 
     </span>
    </p>
   </div>
  </div>
 </body>
</html>
